2742 4509
1381 195 1618 304 (50)
1859 221 1873 232 ⁸
1986 253 2000 280 x

515 330 907 417 {etpretabe‘ris
923 343 1155 391 munera
1182 340 1490 410 nuptarum
1522 328 1809 400 universe,
1829 345 1995 407 quas,
2018 342 2086 389 ut
2104 349 2207 394 suo
2226 331 2496 416 exemplo,
2587 353 2608 384 ¹.-

444 453 451 460 ·
515 415 590 477 ad
630 417 807 493 ipsam
848 411 1142 471 colendam
1181 409 1483 479 hortetur,
1518 426 1682 470 coma
1718 427 1746 466 r
1815 407 1966 466 inam
2009 425 2167 484 orat,
2204 428 2378 492 utque
2413 417 2500 476 sic
2592 445 2600 452 ·

514 495 680 571 largis
722 489 982 568 unguinis
1032 488 1358 548 muneribus
1411 486 1619 547 efficiat
1640 527 1660 561 ‚
1703 489 1759 549 ,ς’
1799 506 1908 550 era
1952 507 2063 546 cur
2114 495 2332 567 iterent.
2376 508 2483 554 etc.

517 570 699 650 Quod
734 569 875 648 quid
914 567 1017 630 sibi
1051 567 1225 640 velit,
1271 587 1425 626 nunc
1461 564 1883 647 dispiciendum.
1925 565 2157 629 Iterat-e
2193 587 2354 644 recte
2377 572 2492 634 dici

516 671 620 730 pro
649 650 957 720 dictitare,
991 645 1261 726 exemplis
1295 643 1632 705 confirmare
1667 664 1886 704 necesse
1917 665 2027 703 non
2067 662 2164 707 est.
2217 650 2339 713 Cur
2365 672 2491 712 au·-

517 744 635 789 tem
653 725 748 786 vel
766 745 954 809 quare
982 726 1311 784 Graecorum
1330 743 1489 783 more
1512 723 1616 803 (cf.
1640 719 1841 798 οὸηιι,
1860 727 1983 785 ἀνθ’*
2003 717 2127 806 ὧν),
2144 727 2361 790 dictum
2381 752 2495 793 esse

516 827 624 887 pro
659 821 760 881 ut,
811 805 937 865 satis
970 803 1138 863 do‘cet
1172 822 1355 861 unum
1391 804 1613 862 Horatii
1670 807 2213 884 accendis,1quare
2252 814 2496 886 cupiam

515 881 741 964 magis,
780 883 911 959 (cf.
947 881 1020 942 ad
1057 882 1212 939 hune
1238 883 1427 939 locum
1462 895 1582 940 not.
1619 880 1878 960 Heind.)
1916 885 2273 947 simillimum
2295 903 2494 949 nostru

516 965 640 1026 loco
677 979 758 1025 est
792 960 1168 1040 Bronkhusiit,
1200 956 1442 1018 dictione
1479 959 1671 1021 eximii
1722 976 1939 1041 poetae,
1981 964 2212 1043 (epigr..
2246 987 2302 1038 ι,
2348 970 2496 1046 ιο.)

511 1049 792 1123 gramina
827 1061 938 1102 cur
978 1042 1196 1098 iterent
1217 1077 1234 1111 ‚
1272 1058 1375 1098 nec
1408 1037 1643 1111 dubita,
1696 1041 1833 1119 quin
1881 1043 1951 1099 ad
1986 1041 2193 1101 Catulli
2226 1055 2324 1102 aut
2355 1064 2494 1104 om·-

448 1151 451 1156 ·
514 1125 647 1184 nino
691 1121 890 1184 veteris
934 1118 1321 1178 imitationem.
1358 1117 1528 1191 Jam‚
1569 1118 1712 1196 quid
1751 1118 1972 1178 efficere
2016 1117 2343 1181 muneribus
2379 1124 2515 1184 snio·

514 1205 700 1276 regina
732 1200 902 1259 debet
920 1196 1233 1275 ?·Nempe‚‚
1263 1210 1331 1253 ut
1363 1210 1563 1254 caetera
1596 1197 1776 1257 sidera
1813 1198 2011 1259 iterent
2045 1199 2079 1256 i.
2109 1218 2158 1257 e.
2193 1199 2498 1276 dictitento

515 1282 732 1339 utinam
765 1295 926 1354 coma
965 1276 1116 1367 regia
1157 1273 1313 1334 fiam!
1367 1273 1526 1350 Quid
1560 1278 1805 1354 apertius
1855 1291 1952 1335 aut
1988 1277 2061 1336 ad
2114 1296 2235 1337 rem
2275 1282 2497 1357 aptius,

514 1355 780 1435 equidem
831 1374 943 1413 non
989 1351 1179 1413 video.
1237 1351 1354 1411 sed
1396 1354 1547 1411 enim
1596 1374 1699 1413 cur
1745 1368 2005 1433 apertum
2061 1375 2176 1414 non
2220 1356 2494 1420 viderunt

513 1431 1026 1495 commentatores?
1066 1432 1219 1507 Quia
1240 1443 1568 1507 sequentem
1602 1451 1830 1492 versum
1855 1452 1968 1493 non
2000 1437 2074 1494 ad
2112 1437 2319 1497 sidem
2349 1448 2498 1498 retu-⁴

514 1515 737 1583 lerunt,
759 1511 856 1572 sed
879 1530 1013 1571 cum
1048 1512 1235 1570 verbis
1277 1513 1505 1568 utinam
1541 1530 1716 1584 coma
1745 1515 1915 1591 regia
1918 1514 2079 1593 fiam
2115 1513 2499 1594 conjunxere3

516 1592 674 1673 quod
715 1592 981 1651 facientes
1022 1606 1242 1648 sensum
1284 1587 1584 1648 ferendum
1633 1611 1827 1650 eruere
1860 1613 1974 1652 non
2015 1606 2266 1670 potuere.
2309 1596 2500 1674 lunge

516 1673 662 1731 enim
687 1712 703 1740 ,
739 1668 902 1727 simili
937 1666 1112 1728 modo
1147 1680 1317 1743 atque
1349 1666 1406 1724 in
1432 1667 1575 1727 binis
1609 1666 1721 1746 jam
1755 1670 1891 1728 locis
1928 1671 2162 1730 fecimus
2198 1691 2215 1727 ε
2257 1676 2494 1750 sidera,

511 1751 822 1828 proximus
862 1744 1193 1822 hydr-ochoi
1208 1744 1485 1824 fulgeret
1523 1746 1788 1819 Qut-ton,
1824 1767 1948 1810 cur¹
1972 1753 2185 1808 iterent
2216 1766 2238 1805 .·
2269 1749 2497 1810 utinam

517 1846 690 1888 coma
726 1828 899 1903 regia
923 1822 1129 1904 fiam!
1170 1836 1225 1881 et
1259 1821 1532 1900 intelliges
1588 1824 1661 1883 ad
1710 1845 1932 1885 sensum
1976 1828 2255 1908 optimum
2312 1848 2493 1889 unum

518 1907 703 1967 deesse
725 1948 740 1976 ‚
780 1918 844 1962 ut
880 1922 987 1981 pro
1006 1899 1282 1981 fulgeret
1334 1903 1556 1980 legatur
1573 1902 1796 1982 fulgor
1837 1919 1908 1964 et.
1961 1904 2270 1966 Enimvero
2285 1943 2311 1984 -,
2355 1907 2500 1987 quid

476 2041 483 2046 ,
517 1986 702 2065 potius
721 1994 880 2059 optet
900 2001 1084 2055 coma,
1098 2000 1273 2059 quam
1297 1993 1361 2040 ut
1382 1996 1579 2041 coetera
1598 1982 1798 2057 sidera,
1818 1986 1961 2045 illius
1984 1985 2306 2052 muneribus
2322 1988 2501 2045 hono·

464 2061 471 2072 '
519 2066 680 2142 rique
709 2059 1038 2134 invidentia,
1058 2059 1247 2119 dicant
1275 2081 1288 2118 :
1326 2061 1539 2121 utinam
1563 2078 1722 2118 coma
1760 2063 1906 2140 regia
1936 2061 2113 2125 fiam?
2137 2067 2215 2124 At
2233 2083 2497 2144 quaenam

519 2145 696 2202 sidera
742 2159 845 2219 par
879 2153 961 2198 est
1005 2138 1101 2197 hic
1137 2153 1267 2198 ante
1308 2139 1415 2198 alia
1468 2139 1792 2201 nominari?
1843 2142 2064 2220 Nempe
2099 2160 2166 2200 ea
2190 2184 2207 2215 ,
2246 2162 2496 2222 quorum

519 2219 765 2281 conditio
802 2218 1115 2278 beatissima
1167 2218 1447 2280 videatur.
1496 2217 1675 2296 Atqui
1732 2219 1861 2280 talia
1916 2233 2047 2281 sunt
2074 2261 2093 2295 ,
2153 2221 2499 2303 Hydrochoi

519 2300 809 2379 proximus
844 2297 1034 2372 fulgor
1075 2295 1159 2375 (i.
1207 2316 1257 2358 e.
1300 2295 1545 2370 sidus),
1587 2299 1982 2377 capricornus,
2030 2312 2089 2358 et
2134 2300 2352 2372 Orion,
2406 2299 2504 2358 ille

521 2380 717 2448 Jovis,
752 2377 878 2450 hic,
918 2377 1175 2435 Homero
1215 2387 1387 2445 teste,
1430 2372 1694 2454 (Odyss.
1737 2405 1756 2439 ι
1782 2421 1799 2454 ,
1840 2379 2010 2459 121.)
2038 2383 2270 2440 Aurorae
2310 2379 2499 2439 dilec-

525 2472 631 2518 tus.
691 2455 879 2514 Habes
926 2453 1341 2512 constructione
1386 2453 1614 2513 abunde
1656 2453 1879 2540 deseqsa
1898 2501 1916 2530 ,
1955 2474 2012 2520 et
2053 2461 2361 2519 mutatione
2402 2458 2501 2517 le·-

519 2536 744 2596 vissima
785 2550 1006 2591 sensum
1028 2573 1049 2606 ,
1107 2549 1223 2609 quo
1276 2530 1566 2591 meliorem
1602 2533 1703 2592 vix
1760 2536 1976 2613 fingere
2037 2540 2206 2613 possis
2266 2558 2284 2594 τ
2337 2535 2501 2595 effice

519 2612 683 2689 largis
720 2609 981 2686 unguinis
1012 2608 1339 2690 muneribus
1348 2643 1384 2684 ,-
1427 2624 1494 2669 ut
1538 2610 1718 2672 sidera
1762 2615 2135 2691 Capricornus
2176 2628 2233 2671 et
2277 2613 2502 2684 Orion,

521 2690 779 2754 dictitent
814 2708 828 2745 ε
869 2689 1086 2747 utinam
1123 2707 1289 2748 cuma
1328 2690 1479 2767 regia
1517 2688 1747 2752 fiamus!
1787 2693 2103 2769 Sanguinis
2144 2709 2365 2767 prorsus
2405 2688 2504 2746 de·-

518 2765 824 2848 pravatum
881 2766 1102 2845 judico,
1153 2787 1293 2842 nec,
1352 2767 1684 2849 quomodo,
1747 2790 1816 2829 eo
1865 2781 2162 2840 manente,
2203 2766 2498 2844 explicatio

523 2843 823 2927 probabilis
860 2849 1098 2926 existat,
1124 2846 1394 2926 intelligo.
1424 2850 1488 2907 ln
1521 2852 1738 2908 vestris
1762 2862 1951 2907 autem
1990 2847 2033 2903 si
2070 2867 2102 2904 a
2123 2844 2311 2904 codice
2346 2845 2502 2906 abire

520 2927 704 3000 ausis,
755 2927 928 3005 possis
969 2927 1210 3004 probare
1255 2925 1640 3003 conjecturam
1684 2929 1926 2995 siveris,
1969 2937 2070 2983 aut
2101 2924 2340 3003 seceris
2362 2967 2381 3002 ,
2433 2937 2510 2984 ut

519 3006 591 3066 sit
631 3026 647 3064 t
692 3006 957 3083 unguinis
986 3019 1273 3085 expertem
1314 3025 1405 3064 me
1442 3022 1555 3061 esse
1590 3023 1700 3061 non
1747 3002 1971 3073 siveris,
2019 3004 2113 3062 sed
2153 3016 2261 3062 etc.

596 3084 789 3143 Habes
828 3085 972 3145 duos
1002 3085 1260 3143 carminis
1298 3084 1447 3140 locos
1493 3081 1568 3139 ita
1609 3079 1936 3159 expeditos,
1973 3093 2037 3139 ut
2078 3099 2498 3160 supervacuum

516 3177 718 3242 putem
740 3164 903 3241 plura
918 3203 937 3236 ‚
956 3165 1113 3241 queis
1134 3159 1452 3218 emendatio
1475 3157 1901 3217 commendetur
1918 3201 1935 3233 ‚
1962 3157 2236 3239 adjicere3
2259 3163 2465 3221 etenim
2480 3206 2498 3234 ,

522 3242 932 3304 constructione
970 3285 984 3312 ,
1040 3257 1211 3316 quam
1262 3240 1435 3294 secuti
1493 3256 1728 3311 sumus,
1791 3238 2028 3316 probata
2066 3282 2083 3314 ,
2143 3256 2337 3299 caetera
2385 3255 2502 3300 tam

522 3335 654 3399 apta
672 3334 823 3382 sunt,-
836 3320 909 3376 ad
941 3336 1058 3375 rem
1084 3357 1100 3389 ‚
1126 3331 1242 3374 tam
1272 3314 1563 3390 perspicuo
1590 3337 1735 3375 nexu
1758 3315 2054 3394 conjuncta
2075 3360 2092 3391 ,
2121 3334 2237 3378 tam
2262 3320 2504 3399 denique

522 3400 597 3459 ab
632 3399 786 3458 omni
815 3396 1129 3475 suspicione
1161 3391 1448 3451 vindicata
1468 3436 1487 3469 ,
1518 3410 1583 3454 ut
1614 3396 1884 3455 insulsum
1923 3399 1992 3455 sit
2025 3397 2181 3457 aliud
2209 3418 2457 3479 quaerere
2484 3418 2501 3457 ε

521 3492 715 3537 contra
740 3518 758 3547 ,
812 3492 927 3531 non
984 3473 1216 3548 probata
1271 3476 1693 3534 constructione
1715 3515 1734 3547 ,
1787 3476 2066 3556 quidquid
2114 3478 2189 3539 ad
2235 3476 2504 3537 tuendam

520 3550 1032 3631 interpretationem
1075 3550 1390 3625 adferrem„
1431 3552 1633 3613 frustra
1671 3554 1835 3634 foret.
1871 3562 2061 3634 Atque
2087 3557 2197 3617 hoc
2237 3553 2501 3630 exemplo

520 3636 742 3712 egregie
775 3630 1047 3709 adparet,
1088 3628 1244 3711 quod
1269 3650 1436 3709 supra
1474 3633 1671 3693 monui
1694 3671 1713 3708 ‚
1753 3634 2176 3696 constructionis
2210 3650 2400 3694 severa
2423 3632 2502 3689 in-

521 3713 816 3790 vestigatio
869 3709 1066 3787 quanti
1115 3716 1193 3768 sit
1236 3729 1369 3770 cum
1413 3711 1468 3768 in
1512 3712 1864 3771 emendando
1919 3717 2229 3786 momenti,
2278 3724 2401 3767 tum
2442 3708 2504 3769 in

522 3793 782 3851 codicum
812 3788 1079 3860 lectione,
1116 3803 1181 3846 ut
1220 3803 1283 3847 ut
1316 3805 1613 3866 suspecta,
1652 3791 2001 3852 defendenda
2042 3811 2056 3847 ε
2099 3807 2302 3868 quam,
2339 3787 2502 3860 vide,

522 3890 592 3927 an
629 3874 684 3928 in
727 3868 950 3929 duobus
993 3868 1160 3927 etiam
1196 3869 1457 3928 carminis
1497 3870 1630 3929 locis
1667 3885 1818 3931 recte
1862 3869 2204 3940 defendam3
2239 3868 2396 3947 isque
2435 3868 2504 3926 sit

521 3947 724 4035 critieae
776 3947 946 4026 hujus
998 3947 1196 4026 opellae
1252 3946 1397 4011 finis.
1449 3948 1699 4012 Priorem
1724 3991 1744 4027 ,
1803 3961 2019 4012 servata
2060 3946 2324 4024 codicum
2371 3946 2502 4006 lec-

523 4033 677 4082 tione
698 4066 718 4101 ,
746 4025 825 4086 ita
862 4028 1086 4090 distinxi
1120 4047 1137 4087 τ
