2742 4509
553 395 796 472 hequem
832 406 909 444 zu
952 372 1252 454 driicken)
1294 392 1408 432 non
1454 390 1569 429 esse
1609 367 1819 426 bonam
1856 359 2219 422 locutionem.
2255 350 2369 415 Cur
2396 350 2428 413 ἓ
2456 373 2524 415 an

559 467 871 554 germanice
919 485 991 522 an
1038 453 1268 519 latine?
1314 454 1510 530 Ipsum
1567 465 1745 523 rogaz,
1801 459 1907 518 ego
1930 483 1948 514 ‚
1990 437 2131 516 quid
2186 434 2361 506 velit,
2415 452 2523 494 non

557 566 837 628 assequor.
881 540 1204 608 Scribatur,
1225 531 1410 612 inquit
1431 572 1449 603 ‚
1470 545 1643 586 manu
1666 567 1682 598 ‚
1711 536 1775 582 ut
1803 521 1872 579 sit
1901 513 2143 598 papilla
2160 557 2178 590 ,
2218 531 2354 593 quoe
2378 531 2526 574 cava

548 649 731 694 manu
767 627 889 701 tegi
918 624 1123 698 possit.
1165 610 1485 690 Quominus
1514 604 1737 664 dubites
1758 647 1775 676 ‚
1823 612 2005 678 poetae
2036 594 2271 676 grandes
2298 593 2525 671 papillas

552 708 820 792 pulchras
870 721 985 761 non
1028 695 1259 763 haberi,
1301 710 1333 748 e
1382 688 1542 746 Rem.
1583 684 1719 742 Am.
1761 685 1822 741 v:
1876 677 2009 756 337.
2065 670 2313 749 intelligi.
2348 670 2525 731 Manu

550 802 748 851 autem
792 793 905 840 esse
948 776 1204 835 datiirnm
1242 786 1469 838 casum,
1513 762 1667 841 quod
1709 758 1929 820 latuisse
1967 750 2078 814 loci
2113 760 2524 826 corruptorem.

551 863 863 927 Credamus
900 860 1010 916 boc
1050 850 1164 932 (cf.
1205 841 1484 924 Propertii
1518 840 1767 920 reddere
1780 842 1928 917 pinu
1963 826 2271 907 cornua)⁸,·
2310 846 2526 888 conce-

516 967 519 970 ·
551 947 750 1008 damus
780 939 948 997 etiam
975 976 993 1009 ‚
1028 929 1313 991 venustius
1345 944 1459 983 esse
1493 933 1637 997 apta
1665 937 1845 998 mqnu
1864 955 1883 987 ,
1922 930 2095 992 quam
2137 923 2285 990 apta
2313 911 2529 985 premi.

548 1028 646 1088 An
681 1021 810 1082 ideo
857 1013 1202 1075 locutionem
1247 1005 1462 1063 bonam
1485 1044 1504 1077 ,
1542 1011 1601 1057 et
1646 995 1833 1054 forma
1880 994 2048 1052 etiam
2084 989 2365 1069 poeticam
2402 986 2435 1061 (
2454 984 2523 1044 cf.

549 1118 701 1181 apta
717 1100 898 1179 jungi
940 1107 998 1153 et.
1037 1085 1286 1164 similia)
1321 1083 1531 1142 bonam
1564 1089 1679 1136 esse
1712 1072 2039 1151 negabimus
2058 1068 2088 1127 ἐ’
2120 1066 2391 1140 Minime3
2428 1064 2527 1123 nisi

550 1182 909 1261 desipiamus·
946 1177 1037 1232 An
1071 1169 1280 1227 bonam
1308 1173 1367 1219 et
1394 1157 1661 1218 codicum
1684 1170 1955 1211 consensu
1983 1146 2282 1227 probatam
2300 1189 2315 1220 ‚
2347 1161 2528 1220 neque

551 1281 716 1323 sensu
750 1258 1037 1333 ineptam:
1081 1246 1205 1325 quis
1240 1240 1395 1300 enim
1440 1235 1612 1295 nescit
1645 1276 1661 1304 ‚
1714 1244 1816 1296 aut
1852 1245 2025 1287 suave
2059 1226 2265 1284 censeri
2303 1222 2530 1301 papillas
2575 1277 2580 1284 ι

551 1355 840 1422 premere,
882 1343 983 1389 aut
1018 1318 1297 1406 prementi
1339 1316 1471 1376 alias
1506 1313 1621 1373 aliis
1654 1314 1841 1369 minus
1877 1319 2033 1385 aptas
2074 1322 2228 1382 posse
2261 1297 2531 1381 reperiri?

552 1424 647 1483 An
682 1415 854 1495 igitur
886 1411 1035 1468 hanc
1093 1400 1392 1463 lectionem
1442 1394 1581 1466 alia,
1627 1384 1994 1469 quantumvis
2039 1382 2113 1442 ad
2148 1400 2370 1441 sensum
2425 1396 2532 1457 op-

553 1499 727 1568 tima,
775 1483 1110 1551 mutemus?
1155 1478 1437 1540 Omnium
1474 1470 1738 1539 minime3
1789 1468 1902 1525 hoc
1933 1460 2085 1522 'enim
2124 1458 2246 1538 jure
2283 1458 2450 1519 semel
2475 1458 2532 1518 iu

548 1578 844 1656 scriptores
871 1583 1130 1627 concesso
1151 1602 1169 1633 ‚
1188 1553 1344 1634 quid
1368 1571 1486 1612 non
1526 1545 1876 1609 mutabimus
1896 1542 1928 1604 ’ἒ
1951 1542 2070 1602 Nisi
2107 1540 2230 1618 quis
2264 1550 2488 1615 reputet
2512 1576 2531 1613 ,

551 1673 750 1718 omnes
794 1647 981 1707 omnia
1022 1642 1100 1700 ita
1137 1636 1335 1697 dixisse
1357 1676 1374 1702 ,
1416 1644 1480 1689 ut
1508 1626 1707 1687 melius
1747 1640 1914 1682 nemo
1960 1618 2221 1697 potuerit.

627 1733 783 1805 Nos,
821 1748 853 1785 a
886 1735 1044 1783 tanta
1071 1713 1370 1775 stoliditate
1404 1720 1666 1768 caventes
1687 1745 1704 1778 ‚
1742 1719 1925 1779 neque
1962 1699 2059 1756 hic
2092 1716 2272 1756 manu
2291 1735 2309 1770 ,
2345 1712 2529 1772 neque
2557 1718 2565 1728 ,

553 1816 616 1875 in
662 1827 832 1870 versu
864 1801 1042 1880 'tertio
1081 1814 1181 1874 pro
1217 1789 1437 1870 planus
1474 1785 1663 1846 statim
1715 1782 2077 1841 decernemus
2109 1769 2319 1855 ‘plenus
2342 1816 2360 1847 ‚
2403 1771 2538 1851 quia

556 1889 755 1953 critico
788 1885 971 1962 placet
1005 1871 1292 1960 antithesis
1325 1866 1536 1948 plenus
1578 1875 1786 1922 venter
1818 1848 1925 1918 sab
1958 1859 2255 1934 castigato
2288 1866 2538 1933 pectore

561 1975 697 2053 (ein
716 1964 977 2042 ‘colliget‘
1011 1952 1219 2016 Bauch
1251 1963 1426 2007 unser
1465 1948 1635 2004 einer
1672 1942 1944 2029 knappen
1979 1937 2162 1996 Brust
2180 1977 2197 2007 ‚
2239 1936 2369 1991 eine
2402 1932 2545 1990 An-

559 2046 837 2121 tithese.)
865 2087 882 2116 ,
903 2039 960 2099 in
982 2055 1097 2115 quo
1129 2030 1269 2111 quid
1308 2040 1426 2087 tam
1458 2021 1780 2101 pulchrum
1800 2028 1870 2073 stt
1893 2055 1912 2087 ,
1952 2014 2067 2089 ipse
2102 2011 2368 2090 intelligat
2398 2027 2547 2067 me-

558 2130 721 2201 lius3
778 2141 883 2199 ego
922 2137 1037 2177 non
1084 2110 1253 2172 video
1272 2109 1303 2184 ἓ,
1362 2124 1465 2165 cur
1520 2098 1741 2182 pulchri
1797 2095 2008 2151 ventris
2052 2088 2250 2148 sormae
2310 2107 2544 2166 prorsus

562 2214 844 2289 repugnet
869 2196 1150 2275 planum,
1182 2187 1360 2249 modo
1417 2197 1489 2243 ne
1525 2179 1761 2259 planum
1809 2168 2016 2228 tabulae
2042 2166 2210 2225 instar
2237 2165 2540 2241 fingamus.

558 2284 784 2349 Deinde
843 2296 982 2337 vero
1026 2273 1113 2331 ‘de
1168 2281 1325 2348 parte
1377 2260 1611 2321 ventris·
1642 2249 1856 2331 pectori
1921 2247 2181 2326 proxima
2231 2238 2542 2316 intelligere

558 2364 821 2435 mallem,
859 2374 987 2447 quae
1018 2353 1062 2410 si
1096 2348 1315 2407 tumida
1338 2384 1357 2418 ‚
1410 2341 1527 2400 imo
1559 2335 1602 2395 si
1635 2333 1782 2414 justo
1821 2326 2152 2388 eminentior
2200 2334 2381 2395 esset,
2429 2316 2543 2374 ha-

552 2448 822 2508 beremus
872 2451 988 2516 jam
1042 2439 1295 2485 ventrem
1341 2440 1458 2478 non
1517 2414 1593 2472 ad
1642 2408 1877 2469 Veneris
1935 2404 2205 2465 Mediceae
2257 2417 2418 2461 exem
2461 2396 2544 2453 lat·

563 2524 1002 2585 conformatum.
1043 2504 1157 2567 Sed
1198 2504 1259 2560 in
1301 2500 1465 2565 loco,
1515 2504 1580 2549 ut
1620 2505 1824 2544 verum
1862 2483 2082 2540 dicatur
2100 2487 2136 2552 ζ’
2165 2482 2291 2535 satis
2325 2478 2382 2534 di
2451 2472 2545 2527 cili

563 2604 778 2695 aequius
831 2596 973 2653 seres
1031 2575 1398 2662 Sprengelem
1442 2567 1516 2630 ab
1573 2558 1927 2623 emendando
1987 2576 2100 2615 non
2158 2549 2504 2622 abstinuisse!
2524 2564 2542 2603 ς

564 2699 756 2746 minus
806 2666 1068 2732 tolerabis
1097 2707 1113 2735 ,
1165 2661 1364 2739 opinor
1398 2693 1418 2727 ‚
1475 2647 1633 2706 latus
1672 2644 1729 2700 in
1770 2643 2012 2713 inguen·
2040 2641 2343 2688 mutatum.
2391 2623 2544 2700 Quis

564 2773 789 2821 amator
814 2795 834 2829 ‚
878 2745 1060 2826 inquit
1083 2783 1103 2817 ‚
1147 2751 1411 2818 unquam·
1443 2718 1886 2803 magnitudinem
1919 2726 1980 2771 et
2019 2705 2397 2788 conditionem
2439 2703 2545 2761 la·-

563 2854 754 2901 terum
787 2828 990 2909 puellae
1033 2841 1146 2881 suae
1183 2813 1416 2899 jactavit
1440 2809 1470 2868 ἐ’
1521 2805 1585 2863 Si
1625 2816 1758 2858 cum
1794 2803 1961 2873 poeta
2001 2784 2368 2847 descendente
2410 2780 2549 2840 des·-

567 2917 858 2984 cendimus
886 2950 904 2983 ‚
950 2906 1097 2963 inter
1134 2910 1391 2957 ventrem
1425 2899 1481 2945 et
1520 2881 1708 2940 femur
1743 2893 1874 2938 non.
1901 2871 2046 2930 latus
2086 2863 2402 2923 invenimus
2441 2856 2545 2918 sed

544 3000 818 3077 -inguen3
849 2987 1022 3063 igitur
1049 2988 1333 3054 quantum
1367 2980 1427 3026 et
1457 2957 1635 3042 quale
1663 2958 1894 3033 inguen.
1922 2943 2295 3025 Ejusdemne‚
2320 2956 2546 3018 quaeso,

565 3072 810 3137 hominis
832 3063 1064 3124 videtur
1089 3069 1146 3114 et
1175 3048 1488 3129 puellarum
1513 3028 1951 3121 pulchritudinis
1972 3038 2258 3084 summum
2297 3017 2549 3095 judicem

564 3156 626 3213 in
647 3143 896 3225 corporis
927 3115 1652 3201 venustateadumbranda
1682 3107 1980 3171 emendare
2002 3148 2021 3180 ‚
2058 3114 2115 3161 et
2133 3140 2151 3173 ,
2177 3109 2384 3176 quanta
2418 3093 2547 3172 ejus

568 3231 628 3291 in
662 3221 935 3286 lateribus
961 3232 1090 3292 pars
1115 3210 1187 3269 sit
1212 3250 1233 3281 .,
1257 3214 1642 3285 quantamque
1665 3193 1785 3250 vim
1819 3172 2343 3255 habeat,ignora1=·'=
2361 3173 2396 3234 ’ἐ
2428 3168 2550 3232 Sed

488 3351 492 3358 ·
569 3308 723 3369 enim
758 3302 854 3361 hic
887 3289 1218 3373 ignorantiae
1244 3283 1469 3343 veniam
1505 3278 1722 3337 demus,
1750 3264 1932 3344 Quod
1960 3279 2097 3322 vero
2125 3256 2272 3316 idem
2297 3275 2329 3313 e
2357 3250 2548 3313 verbis

569 3382 812 3465 singula
853 3374 1001 3458 quid
1058 3360 1375 3448 referam?
1431 3378 1543 3419 non
1594 3347 1903 3420 intellexit,
1960 3352 2229 3421 poetam,
2271 3327 2550 3413 proximis

573 3464 874 3550 partibus,
918 3464 1132 3514 ventre.
1155 3461 1214 3507 et
1247 3443 1499 3516 femore,
1548 3426 1868 3495 memoratis
1889 3466 1907 3497 ‚
1952 3424 2158 3499 inguen
2202 3413 2389 3494 ipsum
2436 3426 2552 3468 no-

574 3547 790 3609 minare
840 3533 1082 3598 noluisse
1102 3570 1121 3598 ,
1161 3526 1220 3584 id
1267 3520 1503 3581 demum
1547 3503 1967 3574 intolerandum
2003 3500 2229 3559 diceres.
2265 3489 2549 3550 Caeterum

577 3622 864 3707 quantitas
901 3608 1139 3691 inguinis
1177 3601 1375 3684 quanti
1402 3600 1473 3657 sit
1509 3597 1567 3655 in
1602 3587 1791 3672 puella
1825 3582 1899 3643 ad
1934 3560 2412 3663 pulchritudinem
2446 3573 2551 3621 aut

578 3700 993 3766 ‘ucunditatem
1043 3680 1318 3751 momenti
1345 3718 1366 3756 ‚
1415 3697 1508 3739 me
1556 3665 1900 3734 doctioribus
1954 3644 2383 3750 disceptandum
2442 3659 2552 3701 re·-

605 3788 798 3866 'nquo.
880 3806 885 3810 ·
