2742 4509
20 2927 23 2986 l

20 3205 30 3294 l

20 3553 23 3646 {l

20 3657 31 3930 ψ

1038 235 1046 240 .
1138 166 1171 252 c
1217 164 1297 232 '55
1346 164 1384 261 )
1421 141 1426 148 ’

278 315 307 344 2·
700 309 769 332 ι·-
799 285 887 340 Me
921 284 1215 366 Pasiphaeia
1256 284 1512 357 quondam
1608 351 1618 363 ο

395 356 672 409 Tentatum
711 356 895 406 frustra
927 366 1152 425 patrium
1190 366 1464 406 temerasse
1501 348 1670 404 cubile
1689 386 1708 417 ‚

392 422 597 541 ⁴&guod
633 420 824 489 voluit,
851 421 999 473 finxit
1030 421 1249 476 voluisse
1268 456 1284 485 ‚
1322 432 1376 471 et
1408 419 1619 470 crimine
1654 416 1844 487 verso)

501 490 650 541 iciiue
686 501 827 541 metu
864 490 1027 562 magis
1059 486 1321 560 ¹offensane
1351 485 1565 559 repulsa
1578 521 1598 553 ,

390 556 592 626 Arguit.
669 572 681 581 '

261 669 638 734 scribendum
692 665 905 741 modo,
957 670 1175 747 inquit,
1209 672 1387 746 privo
1434 686 1537 746 pro
1574 686 1771 727 verso.
1816 666 2028 727 Probat
2073 668 2243 732 etiam

257 765 549 811 temerare
617 771 718 824 pro
767 766 1082 810 temerasse
1106 790 1123 824 ‚
1177 748 1350 828 idque
1403 747 1714 811 multorum
1767 747 2030 807 codicum
2075 768 2094 821 ς
2144 750 2244 810 sed

259 829 407 888 male
443 827 614 906 refert
655 831 727 889 ad
776 843 1077 889 tentatum.
1138 824 1298 906 Ego,
1340 827 1584 906 probato
1622 839 1947 901 temerare,
1984 839 2044 886 et
2074 826 2246 907 longe

257 904 466 985 rejecto
499 912 678 986 privo
702 952 719 984 ,
754 930 857 968 cur
890 909 1206 985 quidquam
1253 906 1519 984 praeter'ea
1566 920 1825 972 mutem..
1863 924 2087 996 causam
2128 929 2242 966 non

257 986 501 1046 invenio.
550 986 757 1047 Sensus
801 989 951 1046 enim
989 988 1065 1045 sic
1103 985 1278 1045 habet
1323 1007 1340 1045 ε
1393 1004 1487 1044 me
1530 984 1858 1063 Pasiphaeia
1902 983 2193 1070 quondam
2218 1027 2239 1063 ‚

191 1103 196 1108 ·
254 1064 459 1124 frustra
504 1077 781 1126 tentatum
844 1068 1193 1145 (postquam
1232 1083 1324 1122 me
1376 1063 1580 1124 frustra
1629 1060 1948 1138 tentavit),
2000 1067 2243 1140 patriam

254 1142 440 1207 cubile
490 1156 799 1221 temerare,
844 1143 1001 1223 quod
1031 1148 1148 1223 ipsa
1184 1140 1413 1218 voluit,
1461 1144 1702 1202 voluisse
1738 1138 1935 1217 finxit,
1979 1155 2070 1214 et,
2110 1144 2244 1203 cri-

253 1222 408 1280 mine
428 1229 590 1284 verso
630 1226 655 1301 (
675 1239 840 1284 suum
864 1227 917 1282 in
947 1242 1041 1281 me
1070 1225 1278 1284 crimen
1301 1221 1601 1298 vertens),
1624 1221 1809 1299 arguit
1852 1222 2170 1297 (accusavit
2195 1224 2243 1299 ),

256 1298 512 1360 indiciine
540 1317 707 1363 -metu
742 1304 918 1381 magis
956 1303 1204 1381 (subint.
1257 1301 1533 1361 incertum
1580 1304 1753 1376 est),
1791 1320 1863 1358 an
1896 1297 2107 1360 offensa
2143 1321 2240 1359 re-

252 1379 441 1457 puls'ae.
480 1380 652 1440 Vides
675 1426 691 1455 ‚
718 1382 1010 1442 mulierem
1048 1381 1159 1441 dici
1198 1377 1458 1453 finxisse,
1484 1378 1688 1459 (quod
1719 1378 2132 1438 usitatissimum
2165 1379 2239 1439 de

243 1457 393 1517 <falsa
415 1462 791 1534 accusatione,
811 1460 837 1541 )
861 1480 977 1540 quo
1008 1457 1273 1537 juvenem
1297 1473 1582 1517 accusaret
1599 1500 1616 1531 ‚
1639 1475 1773 1517 eum
1797 1457 2037 1515 voluisse
2067 1461 2240 1535 patris

249 1533 463 1620 lectum
504 1553 775 1599 temerare
810 1582 828 1613 ‚
880 1538 1036 1618 quod
1077 1541 1195 1618 ipsa
1257 1537 1553 1611 voluerat»,
1608 1549 1664 1595 et
1697 1549 1722 1609 ’,’
1761 1533 1989 1593 crimine
2043 1551 2145 1596 suo
2180 1538 2239 1598 in

249 1612 605 1686 innocentem
649 1638 958 1692 converso,
982 1619 1221 1696 arguisse
1259 1615 1299 1676 i.
1336 1637 1388 1675 e.
1435 1634 1713 1675 accusasse
1745 1631 1876 1673 eum
1913 1614 2067 1691 apud
2111 1635 2237 1694 pa-

245 1703 408 1753 trem.
459 1696 678 1757 Scilicet
716 1713 1006 1758 temerare
1053 1717 1166 1758 non
1215 1694 1429 1765 pendet
1474 1695 1547 1754 ab
1583 1696 1821 1772 arguit,
1863 1712 1968 1752 nec
2009 1713 2045 1751 a
2086 1708 2235 1754 ten-

246 1784 434 1831 tatum
456 1815 472 1846 ‚
514 1775 611 1833 sed
651 1796 681 1835 a
712 1777 1004 1851 voluisse,
1039 1775 1193 1853 quod
1217 1774 1402 1850 ipsum
1424 1773 1632 1851 pendet
1668 1793 1699 1831 a
1720 1771 1920 1850 finxit
1960 1792 1983 1831 .·
1999 1772 2236 1853 finxit,

243 1870 336 1909 me
375 1850 639 1913 voluisse
674 1868 979 1915 temerare.
1016 1855 1109 1916 Sic
1150 1854 1306 1913 vides
1340 1873 1538 1911 veram
1574 1851 1871 1910 lectionem
1905 1870 2018 1909 esse
2049 1864 2231 1911 teme-

241 1948 385 1990 mre
404 1954 429 2006 ‚-
459 1944 774 1994 temerasse
795 1947 985 1993 autem
1022 1952 1136 1992 esse
1171 1933 1539 1992 substitutum
1585 1931 1659 1993 ab
1702 1947 1770 1987 eo
1793 1971 1811 2002 ‚
1849 1932 1945 2010 qui
1974 1928 2234 2009 jungeret

242 2021 533 2084 temerare
554 2018 791 2091 arguit,
814 2032 942 2092 quae
973 2013 1316 2071 constructio·
1332 2009 1626 2070 manifesto
1660 2006 1976 2085 perfectum
2007 2024 2234 2088 tempus

239 2084 544 2165 flagitabat.
584 2092 672 2151 De
709 2093 886 2171 ellipsi
917 2091 1110 2150 confer
1145 2092 1284 2148 Tac.
1320 2089 1479 2147 Anu.
1515 2107 1573 2157 ι,
1613 2085 1711 2156 13,
1748 2106 1930 2158 casu,
1967 2108 2049 2146 an
2093 2110 2228 2150 ma-

238 2166 412 2226 nibus
461 2169 586 2247 ejas
640 2175 990 2247 impeditum
1054 2168 1150 2222 ubi
1199 2163 1639 2239 subintelligitur
1681 2165 1965 2222 incertum
2006 2182 2093 2225 est
2123 2185 2229 2227 aut

180 2275 193 2288 x
238 2244 479 2303 dubium
528 2261 635 2304 est.
684 2247 858 2303 Vides
892 2258 1116 2300 sensum
1160 2255 1418 2320 apertum
1464 2261 1477 2298 τ
1517 2239 1753 2297 crimine
1794 2261 1999 2310 verso,
2037 2250 2228 2321 arguit

235 2319 609 2396 (accusavit)
629 2342 721 2379 me
740 2364 757 2393 ,
786 2323 1096 2388 incertum,
1128 2338 1198 2376 an
1225 2331 1380 2376 metu
1402 2319 1585 2395 potius
1604 2358 1621 2388 ‚
1653 2315 1728 2374 'ne
1768 2338 1886 2378 rem
1918 2317 2226 2386 indicarem

234 2399 383 2471 patri
408 2438 428 2470 ,
472 2418 615 2457 anne
643 2439 659 2470 .,
708 2396 918 2458 offensa
979 2396 1214 2473 repulsas·
1238 2439 1256 2471 ‚
1311 2399 1345 2454 i.
1404 2416 1453 2455 e.
1495 2398 1616 2469 ira,
1670 2397 1825 2472 quod
1875 2416 1966 2456 me
2016 2400 2224 2462 frustra

238 2486 562 2536 tentaverat
585 2522 600 2549 ‚
636 2477 873 2535 incensa.
917 2476 1108 2534 Habes
1151 2494 1371 2534 sensum
1407 2476 1686 2555 optimum
1728 2487 1784 2532 et
1823 2477 2089 2538 orationis
2117 2479 2226 2540 dis·

230 2552 496 2611 tinctione
520 2554 810 2615 defensum
825 2599 843 2631 ‚
867 2568 928 2616 ut
947 2553 1088 2613 nihil
1106 2552 1360 2613 offendat
1375 2597 1393 2631 ‚
1417 2555 1673 2633 adeoque
1688 2553 1953 2614 codicum
1972 2560 2216 2636 genuina

228 2627 473 2689 lectione
515 2652 742 2693 versum
782 2655 811 2692 a
853 2631 1163 2711 suspicione
1196 2633 1516 2692 liberatum.

273 2709 368 2770 ·Si
406 2711 548 2789 quid
596 2714 791 2773 tribuis
832 2713 968 2773 meis
1011 2711 1534 2785 emendationi-bus,
1572 2710 1763 2769 multis
1802 2715 2075 2792 exemplis
2110 2716 2212 2775 in-

229 2787 481 2866 telliges..
521 2811 749 2852 causam
803 2789 1138 2851 mendarum
1177 2804 1233 2848 et
1273 2789 1596 2869 suspicionis
1636 2789 1692 2847 in
1739 2793 1919 2869 poetis
1962 2794 2221 2853 omnium

231 2864 382 2925 foste
439 2870 953 2948 frequentissimam
1019 2887 1134 2927 esse
1190 2868 1387 2928 falsam
1449 2867 1713 2929 orationis
1784 2867 2216 2937 distinctionem.

230 2943 300 3002 In
344 2944 453 3006 hac
495 2950 667 3025 igitur
712 2949 1099 3008 constituenda
1148 2947 1400 3025 inprimis
1442 2945 1819 3007 laborandum
1859 2960 1943 3005 est
1987 2952 2218 3023 critico,

230 3043 335 3083 nec
370 3027 589 3102 minus,
638 3047 710 3086 ne
751 3048 887 3088 sana
923 3026 1223 3109 suspiciat,
1272 3046 1448 3106 quam
1483 3040 1550 3085 ut
1597 3028 1903 3103 depravata
1945 3031 2218 3089 restituat.

228 3100 347 3162 Sed
381 3104 565 3176 enim,
601 3109 860 3184 quamvis
893 3108 966 3165 ab
997 3105 1261 3166 orationis
1289 3105 1639 3164 distinctione
1676 3104 1830 3164 nulla
1863 3103 1977 3164 fere
2014 3126 2213 3168 emen·

224 3177 384 3239 datio
418 3186 658 3261 separari
678 3199 852 3265 queat
867 3227 885 3259 ‚
909 3185 1161 3264 plerique
1178 3224 1196 3259 ,
1218 3184 1313 3243 vel
1334 3183 1758 3262 profundiorem
1779 3183 1900 3262 ejus
1915 3184 2215 3268 investiga·

222 3258 438 3318 tionem
462 3262 797 3342 negligentes
818 3305 834 3337 ‚
870 3265 963 3323 vel
999 3263 1348 3323 reconditam
1379 3284 1490 3322 non
1526 3278 1873 3343 assequentes
1902 3265 2214 3343 rationem,

221 3356 351 3415 quae
372 3336 652 3400 levissima
690 3355 789 3401 aut
814 3343 979 3403 nulla
1006 3343 1321 3401 mutatione
1357 3340 1645 3419 indigent,
1687 3361 1753 3400 ea
1777 3362 1898 3402 non·
1912 3345 2218 3405 emendare

221 3430 325 3475 aut
370 3417 680 3496 intelligere
703 3462 718 3489 ,
754 3420 857 3481 sed·
897 3421 1077 3499 magis
1110 3422 1403 3498 magisque
1433 3421 1580 3480 velle
1607 3421 1893 3498 implicare
1926 3421 2208 3483 videntur.

222 3493 381 3569 Quid
400 3497 549 3554 enim
580 3497 635 3555 in
667 3498 789 3555 loco
825 3520 994 3580 supra
1031 3513 1344 3560 memorato
1384 3515 1558 3576 potes
1586 3504 1720 3577 ipsa
1755 3501 1965 3560 videre
1995 3515 2064 3560 ut
2096 3505 2213 3559 viz·

220 3579 597 3662 circumeant.
617 3576 926 3658 distentum
964 3578 1239 3638 cruribus
1282 3578 1431 3638 uber
1450 3621 1467 3650 ‚
1491 3578 1791 3657 simplicius
1835 3592 1954 3638 erat
1973 3620 1991 3650 .‚
2034 3597 2212 3658 quam

218 3667 461 3730 jungere
512 3656 724 3714 videre
768 3670 824 3715 et
874 3657 1056 3731 uber,
1110 3677 1221 3716 non
1271 3662 1641 3717 circumeant
1675 3672 1735 3717 et
1785 3655 1980 3717 uber?
2030 3658 2211 3735 Atqui

222 3730 629 3809 simplicissima
663 3752 748 3794 res
775 3737 1029 3795 omnium
1054 3778 1071 3811 ‚
1108 3749 1391 3815 quantum
1420 3736 1534 3796 vidi
1559 3778 1575 3810 ,
1616 3738 2209 3796 criticorumacumeu

205 3808 364 3886 fugit
402 3831 418 3870 t
459 3814 538 3870 sic
576 3813 728 3873 locus
751 3856 768 3888 ‚
798 3814 967 3873 semel
997 3830 1030 3872 a
1072 3816 1297 3874 librario
1318 3856 1338 3889 .‚
1368 3815 1601 3875 inducto
1661 3818 2024 3887 sustineam,
2079 3832 2210 3874 cor-

216 3903 418 3980 ruptus
438 3931 455 3964 ‚
499 3893 600 3970 qui
631 3910 827 3985 veram
857 3893 1155 3955 lectionem
1183 3893 1388 3955 idonea
1405 3893 1860 3974 interpretatione
1881 3906 2207 3971 revocaret,

211 3985 493 4043 neminem
534 3984 758 4056 repent.

1527 4163 1546 4212 ί,
