2742 4509
538 344 906 427 intelligatur.
944 341 1057 406 Hic
1089 342 1263 432 igitur
1300 347 1564 408 assentior
1601 344 1913 428 Sprengeli.
1959 345 2076 410 Sed
2118 351 2345 417 eosdem
2381 374 2520 419 ver·-

540 446 671 501 sus,
725 426 786 486 di
834 424 968 486 boui
993 465 1015 500 ,
1052 421 1356 505 quomodo
1399 439 1624 487 mutare
1684 446 1849 487 ausus
1893 428 2019 488 est!
2081 434 2241 493 Dum
2268 434 2461 514 fatuo
2493 481 2512 511 ‚

536 504 821 585 amplexa
859 517 953 565 est
1000 517 1172 564 artus
1209 522 1364 567 nova
1403 518 1574 565 terra
1591 506 1837 585 fucatos
1853 548 1872 580 ,
1912 519 1973 565 et
2008 516 2217 584 gravis
2252 513 2515 578 incubuit

517 582 896 666 sumentibus
932 578 1135 643 insula
1172 582 1463 644 membris.
1505 583 1564 643 Ο
1604 582 1831 644 fatalem
1866 585 2109 664 inguinis
2152 602 2212 649 et
2248 590 2512 655 fiitueudi

534 661 898 745 cupidinem,
930 680 1050 741 quo
1086 660 1403 723 veneranda
1428 661 1648 740 ingenia
1683 661 2011 724 fumantur!
2040 671 2121 727 At
2223 687 2256 727 a
2292 671 2510 731 ratione

533 755 854 804 monstrum
896 738 1296 800 emendationis
1353 738 1608 800 defendit
1644 738 1678 799 ἐ’
1728 740 1917 801 Primo
1972 743 2143 806 absm-
2187 765 2285 806 um
2341 763 2530 810 vocat

532 821 675 881 dum
706 819 930 897 loquor
950 863 967 894 ,
995 831 1052 877 et
1075 816 1187 896 *vix
1217 837 1332 896 non
1357 818 1598 913 petitum
1631 838 1665 878 e
1688 840 1753 880 ιν
1776 861 1795 893 ,
1829 819 1943 900 59²
1970 842 1991 896 ς
2026 821 2228 886 deinde
2253 870 2270 899 ,
2314 828 2510 906 quoad

533 900 786 961 increvit
803 939 823 971 ,
877 897 1120 975 potuisse
1175 896 1483 976 Virgilium
1539 895 1723 957 dicere
1755 897 1985 979 jaculis
2033 905 2259 964 ἰησνενι·
2313 911 2509 966 acutis

582 977 663 1038 sic
696 997 730 1038 a
761 976 955 1036 critico
977 974 1341 1036 emendatum
1359 993 1531 1054 supra
1566 974 1682 1035 dixi
1711 979 1775 1053 ),
1811 991 1871 1038 at
1914 977 2149 1042 insulam
2190 1004 2301 1044 non
2344 1002 2504 1061 posse

578 1055 648 1117 ‘ci
702 1055 795 1115 alii
854 1054 933 1115 rei
981 1050 1305 1115 adcrevisse.
1358 1055 1619 1147 Denique
1640 1092 1659 1128 ,
1712 1075 1883 1136 quem
1936 1057 2241 1139 intelligere
2297 1065 2505 1140 gravis

531 1132 779 1198 insula?
814 1131 931 1196 Sed
949 1134 1100 1193 enim
1130 1134 1186 1193 in
1206 1131 1652 1213 praecedentibus
1670 1134 1988 1196 Acheloum
2015 1136 2172 1198 fateri
2194 1181 2212 1214 ,
2234 1139 2504 1221 nymphas

529 1211 766 1294 papillas
796 1231 832 1272 a
863 1231 922 1271 se
953 1223 1357 1286 contrectatam
1398 1230 1576 1291 quare
1603 1232 1707 1293 par
1744 1233 1860 1285 esse
1877 1254 1897 1288 ,
1944 1213 2039 1275 lon
2082 1219 2165 1277 ius
2203 1238 2316 1278 esse
2391 1238 2502 1279 ro-

527 1309 778 1371 gressum
812 1302 1152 1367 amatorem,
1182 1304 1242 1351 et
1279 1288 1469 1350 fecisse
1509 1289 1569 1351 id
1586 1331 1606 1366 ,
1651 1291 1814 1372 cujus
1852 1292 2027 1367 praelu
2072 1296 2190 1356 ium
2230 1315 2328 1356 mo
2370 1316 2406 1355 o
2432 1297 2504 1360 sit

530 1367 872 1464 papillarum
915 1369 1104 1430 tactio.
1149 1369 1427 1431 Incubuit
1460 1389 1597 1429 vero
1634 1383 1693 1431 et
1722 1392 1762 1465 ‘a
1805 1388 1947 1430 voce
1981 1379 2184 1465 gfavis
2224 1372 2463 1474 {lagitari
2481 1418 2503 1456 ‚

528 1446 2507 1607 §2133132133325‘2532‘30{2233ffttdssssuffcfit‘issffisaim

528 1607 716 1669 levem
760 1605 1076 1696 nympham
1101 1645 1120 1679 ,
1164 1625 1318 1667 nunc
1357 1604 1597 1697 eandem
1620 1649 1639 1683 ,
1677 1607 1914 1697 insulam
1956 1605 2165 1665 factam
2203 1644 2221 1677 ,
2263 1624 2501 1682 gravem

526 1680 848 1764 inguinibus
881 1701 1003 1759 ejus
1024 1682 1356 1742 incubuisse.
1378 1683 1474 1740 Sic
1496 1684 1683 1742 omnia
1717 1680 1953 1739 mirifice
1987 1680 2271 1739 cohaerere
2289 1721 2307 1754 ,
2345 1696 2453 1741 etc.
2477 1708 2498 1761 ς

526 1760 874 1823 monachum
892 1798 914 1833 ,
963 1759 1063 1839 qui
1112 1757 1429 1838 corruperit
1474 1774 1541 1816 vx
1562 1800 1582 1830 ,
1642 1756 1749 1818 108
1768 1797 1790 1832 ,
1841 1756 1939 1819 hic
1956 1799 1975 1834 ,
2026 1774 2208 1838 quum
2258 1757 2501 1823 eandem

526 1836 1448 1992 goolcffingeuioerffirgfgravfgeno
1460 1835 2048 1979 Hsgzctsstfficisffle
2065 1838 2355 1980 vll'xtllgniixsoe
2371 1855 2499 1981 ἔωθε

525 1992 890 2068 cedentibus,
929 2014 1002 2053 an
1035 1992 1284 2053 veritatis
1322 1971 1661 2053 levissiniam
1702 1993 1947 2072 speciem
1987 1994 2232 2069 habeat,
2283 1940 2493 2061 Aehe-

498 2073 685 2135 'loum
702 2112 722 2149 ,
747 2070 879 2152 qui,
902 2070 1220 2154 nympham
1241 2068 1420 2132 ferens
1480 2068 1814 2148 Neptunum
1830 2114 1850 2149 ,
1886 2087 1955 2134 ut
1981 2072 2104 2153 ejus
2131 2074 2500 2157 misereatur,

523 2164 689 2227 orat,
736 2150 1056 2213 futuentem
1100 2168 1295 2233 preces
1344 2110 1571 2211 fudisse.
1598 2149 1778 2227 Quod
1817 2165 2009 2214 autem
2062 2153 2242 2232 Spren
2283 2156 2335 2214 el
2381 2176 2496 2217 non

525 2232 548 2292 i
624 2244 749 2314 orat
769 2272 791 2308 ,
820 2250 960 2312 nym
1000 2230 1136 2290 ham
1172 2229 1248 2289 ab
1286 2228 1539 2291 Acheloo
1562 2230 1778 2310 portari
1799 2268 1817 2299 ,
1858 2231 1978 2291 imo
1998 2272 2017 2307 ,
2056 2229 2214 2310 quod
2271 2245 2494 2295 ututam

455 2373 460 2377 ,
581 2312 660 2372 cit
677 2352 699 2388 ,
737 2311 872 2372 hine
897 2331 965 2370 co
989 2311 1094 2389 lige
1120 2349 1139 2385 ,
1174 2326 1289 2388 qua
1327 2307 1557 2370 levitate
1588 2321 1763 2369 semet
1802 2309 1961 2391 impu
2004 2323 2100 2370 net
2132 2323 2355 2373 tactum
2382 2332 2489 2391 pro

522 2403 716 2530 segitem
735 2389 1029 2526 probant}32³
1047 2388 1223 2525 ιῖαιείΐ
1237 2389 1390 2526 Ιιέυσ
1405 2398 1629 2490 tantum
1647 2400 1876 2466 partem,
1894 2390 1981 2450 Ac
2024 2388 2179 2449 elous
2203 2391 2490 2471 tetigisset.

646 2486 740 2527 era
792 2486 886 2527 am
1032 2486 1062 2525 e
1127 2485 1188 2524 re
1215 2488 1252 2526 u
1315 2485 1390 2524 re.

599 2489 788 2616 vm}
831 2543 986 2624 724,
1038 2542 1331 2624 (Sps-eng.
1370 2561 1431 2622 p.
1521 2527 1616 2620 t..)
1668 2541 1768 2602 ubi
1818 2531 2037 2603 codices
2081 2543 2302 2603 variant
2346 2546 2494 2605 inter

522 2637 667 2686 sunt
700 2637 766 2684 et
802 2629 962 2700 sint,
1003 2623 1285 2684 coluntur
1317 2635 1379 2682 et
1409 2639 1483 2680 co
1612 2640 1685 2681 αν
1707 2661 1728 2696 ,
1769 2621 1869 2682 sed
1906 2622 2293 2695 consentiunt,
2328 2635 2494 2683 certe

523 2702 665 2784 pleri
796 2744 818 2780 ,
849 2704 906 2764 in
937 2721 1091 2765 cura
1125 2704 1298 2762 deum
1330 2703 1433 2775 di,
1478 2699 1512 2775 (
1528 2720 1599 2759 ex
1633 2718 1747 2780 qno
1780 2700 2038 2762 Heinsius
2061 2700 2194 2761 feeit
2229 2704 2496 2780 campis·

520 2784 627 2876 dis
639 2721 1017 2922 ,3uglpreugel
1037 2824 1059 2859 ,
1100 2779 1177 2844 ad
1207 2782 1431 2843 hiatum
1453 2777 1795 2859 sconfugiens
1817 2821 1839 2856 ,
1874 2792 2142 2843 caeterum
2179 2774 2293 2838 levi
2339 2797 2488 2841 mu·-

525 2874 736 2923 tauone
790 2875 938 2942 egutt

525 2991 532 2996 ’
654 2987 796 3044 Cura
822 2987 991 3042 «deum
1024 2987 1083 3041 hi
1117 2986 1227 3040 sint
1246 3020 1267 3054 ,
1304 2997 1394 3053 et,
1427 2986 1517 3057 qui
1555 2984 1790 3052 coluere,
1830 2983 2083 3041 colantur.

479 3139 484 3145 ·
521 3107 655 3169 Nou
706 3106 997 3182 absurde3
1048 3103 1145 3165 sed
1198 3118 1424 3187 poterat
1481 3104 1662 3182 legere
1715 3106 1829 3165 sine
1885 3104 2050 3166 hiatu
2102 3104 2351 3172 deorum
2407 3102 2489 3165 hi.

519 3183 841 3279 Equidem,
890 3185 935 3244 si
978 3185 1222 3260 legerem
1270 3183 1339 3244 Ῑιί
1351 3226 1371 3260 ,
1426 3183 1648 3245 mallem
1703 3198 1843 3244 sunt
1865 3229 1880 3257 ‚
1931 3201 2108 3263 quam
2142 3188 2305 3262 sint,
2352 3182 2491 3264 quid

379 3325 391 3342 ,
519 3281 673 3323 enim
698 3274 941 3341 optasset
976 3265 1099 3326 haec
1124 3262 1528 3355 pronuntians,
1554 3276 1620 3323 ut
1654 3282 1789 3323 cura
1811 3262 1915 3324 diis
1953 3276 2163 3342 essent,
2208 3281 2350 3343 quos
2380 3280 2495 3323 esse

521 3344 818 3403 constabat
842 3341 875 3408 ἓ
927 3342 1008 3414 Et
1055 3360 1286 3403 omnmo
1310 3381 1332 3417 ,
1381 3339 1663 3424 quidquid
1728 3343 1875 3422 legas
1929 3360 2035 3420 pro
2082 3342 2152 3402 di
2167 3382 2186 3417 ,
2230 3345 2487 3425 ineptum

517 3420 771 3483 manebit
828 3424 989 3497 εἰηες
1044 3420 1203 3504 quod
1254 3420 1521 3503 equidem
1577 3439 1905 3501 persuasum
1953 3418 2138 3481 habeo
2187 3419 2489 3483 inductum

516 3518 636 3560 esse
661 3499 740 3559 ob
775 3520 1010 3579 sequens
1040 3497 1323 3561 colantur
1343 3541 1364 3576 ,
1396 3500 1540 3566 sieut
1561 3500 1839 3563 coluntur
1856 3499 1934 3561 ob
1970 3498 2286 3585 praecedens
2308 3510 2441 3558 suut
2467 3534 2488 3571 ‚

520 3592 589 3639 ut
620 3578 802 3639 modo
824 3593 1219 3657 congruerent
1251 3580 1381 3640 haec
1419 3580 1610 3641 verba.
1655 3581 1766 3642 Pro
1808 3582 1878 3640 dc·
1908 3591 2095 3640 autem
2118 3621 2137 3651 ,
2186 3575 2320 3636 vide
2339 3619 2357 3648 ‚
2410 3594 2486 3636 an

513 3656 816 3738 setendum
832 3661 927 3737 ρίἰ
961 3679 1072 3719 una
1100 3658 1363 3737 syllaba,
1394 3657 1556 3737 enjus
1591 3660 1637 3720 si
1679 3673 1858 3721 unum
1881 3658 2205 3736 exemplum
2233 3671 2447 3738 nossem
2464 3696 2482 3727 ,

514 3755 745 3816 prorsus
761 3735 1047 3797 ‹zi-ederem
1072 3737 1148 3797 ab
1174 3735 1394 3797 Ovidio
1410 3739 1679 3817 scriptum
1696 3758 1849 3799 σανα
1882 3740 2055 3800 deum
2073 3737 2169 3813 pii
2183 3746 2322 3792 sunt
2340 3774 2358 3807 ,
2388 3747 2444 3791 et
2465 3778 2482 3806 ,

515 3818 623 3893 qui
652 3812 895 3876 coluere
914 3856 936 3891 ,
974 3814 1269 3877 colantur.
1302 3816 1479 3876 Possis
1511 3816 1681 3877 etiam
1726 3820 1999 3894 conjicere
2034 3835 2149 3875 non
2187 3809 2484 3891 indignum

508 3906 676 4032 &oeta
719 3913 868 3956 σανα
905 3896 1077 3955 deum
1129 3899 1234 3974 qui
1279 3910 1457 3973 sunt,
1508 3911 1573 3957 et
1609 3916 1761 3976 quos
1819 3897 1950 3975 (dii
1964 3894 1988 3970 )
2039 3891 2277 3953 coluere
2296 3936 2312 3965 ,
2357 3910 2481 3951 co·-

572 3985 724 4035 ntur.
753 3972 945 4036 Habes
983 3976 1275 4042 enimvero
1309 3988 1369 4037 et
1407 3976 1880 4039 constructionem
1926 3972 2193 4035 leniorem
2219 4016 2236 4045 ,
2280 3972 2480 4032 omisso
