2742 4509
1354 129 1592 247 (56)

565 274 717 347 XV,
740 271 892 348 653,
921 259 1206 352 (Spreng.
1246 289 1306 349 p.
1360 266 1526 347 ιω.)
1567 265 1790 330 criticus
1829 265 1968 348 legit
2005 271 2068 330 in
2093 287 2217 332 oere
2236 268 2388 352 (scil.
2411 268 2475 332 in

488 354 875 431 numis)'pro
916 353 978 410 in
1007 355 1177 444 oede,
1225 363 1290 410 ut
1329 347 1539 407 habeas
1699 395 1702 400 .

619 480 753 533 Cum
788 478 917 532 deus
951 481 1006 532 in
1033 479 1226 533 somnis
1263 475 1428 545 opifer
1464 473 1742 527 consistere
1773 474 1914 527 visus

619 551 754 599 Ante
794 559 975 614 tuum,
1017 549 1279 611 Romane,
1311 556 1521 609 torum3
1554 539 1649 595 sed
1691 539 1853 611 qualis
1890 542 1948 593 in
1980 559 2087 594 oere
2183 579 2188 588 .

617 613 746 667 Esse
772 614 922 668 solet.

489 731 697 793 Sensus
736 731 895 792 haud
934 730 1105 792 dubie
1150 742 1233 790 est
1273 751 1290 788 τ
1329 729 1469 790 deus
1514 729 1665 789 visus
1710 744 1794 789 est
1834 729 2133 804 Romano,
2174 746 2287 788 non
2336 745 2475 788 ser-
2541 783 2544 790 ,

491 812 675 887 pentis
708 810 890 870 forma
912 853 930 883 ,
964 811 1143 889 qualis
1177 822 1400 886 postero
1433 808 1523 869 die
1560 807 1860 887 adparuit,
1881 807 1979 867 sed
2018 806 2195 889 qualis
2233 807 2293 865 in
2323 805 2484 880 aede,

492 890 526 947 i.
583 909 635 948 e.
686 891 867 969 qualis
920 890 1094 967 vulgo
1147 886 1667 964 cernitur,.forma
1692 927 1710 956 ,
1763 906 1938 965 quam
1984 885 2244 946 describit
2283 901 2480 965 poema

493 967 781 1043 Serpentis
822 968 1027 1044 species
1063 967 1298 1027 nimium
1347 968 1626 1026 terruisset
1670 965 2034 1039 Romanum,
2083 984 2254 1044 quam
2295 964 2482 1041 deus,

493 1048 679 1125 siquid
742 1045 968 1124 judico,
1032 1048 1325 1124 hucusque
1394 1065 1465 1105 ne
1520 1044 1799 1104 habuerat
1852 1043 2119 1121 quidem,
2172 1058 2319 1103 certe
2364 1060 2486 1104 non
2550 1093 2556 1102 ,

397 1127 403 1142 '
494 1139 762 1202 serpentis
804 1127 1084 1201 imagine,
1139 1124 1236 1184 sed
1269 1144 1402 1184 cum
1449 1136 1705 1201 serpente
1761 1116 2036 1182 baculum
2089 1123 2366 1183 ambiente
2421 1132 2482 1180 et

455 1221 467 1276 j
494 1203 673 1280 vulgo
705 1216 762 1261 et
792 1203 993 1262 Romae
1024 1205 1191 1262 etiarn
1228 1204 1284 1263 in
1322 1202 1442 1263 aede
1495 1223 1593 1262 sua
1637 1202 2158 1281 repraesentabatur.
2202 1201 2386 1280 Igitur
2422 1203 2488 1259 in

498 1279 621 1342 aesre
662 1301 832 1341 suum
873 1283 975 1341 sibi
1002 1283 1222 1342 habeat
1258 1282 1553 1361 Sprengel.
2382 1298 2386 1302 ’

574 1360 728 1438 XV,
784 1362 932 1441 739,
988 1364 1260 1443 <Spreng.
1308 1384 1364 1444 p.
1433 1360 1603 1442 115.)
1659 1360 1817 1422 locus
1867 1372 1950 1420 est
2012 1358 2225 1422 critices
2268 1358 2487 1421 ratione

497 1439 873 1500 memorabilis
915 1461 931 1500 :

637 1549 909 1618 Scinditur
951 1568 1005 1618 in
1033 1567 1260 1637 geminas
1292 1579 1465 1636 partes
1490 1567 1816 1619 circumfluus
1857 1567 2054 1629 amnis,

677 1633 850 1685 Insula
879 1650 1068 1684 nomen
1106 1632 1326 1695 habet,)
1364 1629 1679 1701 laterumque
1717 1651 1745 1682 a
1784 1644 1929 1701 parte
1963 1628 2181 1680 duorum

681 1702 862 1772 arrigit
892 1697 1105 1763 aequales
1151 1696 1317 1746 media
1359 1696 1541 1747 tellure
1573 1697 1809 1750 lacertos.

503 1832 616 1891 Hic
675 1830 985 1907 Gierigium
1040 1827 1217 1903 carpit
1259 1826 1572 1963 Sprengel,
1622 1828 1777 1907 quod
1833 1830 2112 1910 egregiam
2155 1825 2323 1891 vocet
2374 1829 2493 1894 de-

506 1909 1097 1982 scriptionem,quam
1127 1919 1291 1961 nemo
1328 1904 1445 1963 inte
1470 1906 1621 1985 ligat.
1662 1907 1790 1987 Ego
1832 1908 1905 1968 de
1927 1930 2088 1970 sensu
2125 1929 2240 1970 non
2265 1908 2498 1986 labor-03·

504 2002 587 2047 est
630 1987 778 2041 enim
818 1981 1178 2053 manifestus,
1219 1996 1482 2043 caeterum
1523 2005 1636 2044 nou
1679 1987 1852 2055 modo
1882 2007 1997 2047 non
2038 1988 2352 2065 egregiam,
2393 1988 2496 2050 sed

507 2076 674 2142 poeta
731 2079 956 2138 prorsus
1010 2060 1295 2137 indignam
1357 2058 1569 2141 judico.
1625 2064 1774 2139 Quis
1817 2080 2008 2126 autem
2063 2067 2273 2140 nescit,
2319 2086 2497 2144 quam

506 2141 694 2201 faciles
743 2138 816 2197 ad
877 2137 1227 2220 laudandum
1270 2140 1381 2200 sint
1423 2156 1681 2203 veterum
1727 2143 2097 2219 interpretes,
2149 2145 2502 2224 praesertim,¹

422 2257 427 2264 -
507 2222 607 2280 ubi
640 2217 718 2277 nil
763 2218 1160 2297 corrigendum
1202 2219 1434 2297 vident,
1481 2242 1668 2302 neque
1709 2235 1893 2283 tamen
1927 2222 2047 2283 sine
2084 2237 2219 2282 nota
2259 2236 2502 2302 praeter·-

507 2301 733 2359 mittere
778 2299 968 2357 iocum
1007 2298 1263 2359 volunt?
1301 2299 1650 2375 Enimvero,
1681 2302 1819 2382 quid
1860 2301 2090 2361 tandem
2120 2316 2219 2362 aut
2259 2300 2500 2378 pulchre

508 2392 613 2438 aut
639 2387 772 2457 apte
796 2375 1016 2435 dictum
1053 2376 1110 2435 in
1151 2397 1166 2434 ε
1215 2380 1507 2437 scinditur
1541 2389 1603 2438 in
1627 2394 1834 2458 partes
1874 2384 2102 2456 omnir,
2131 2379 2502 2457 laterumque

512 2478 555 2519 a
585 2470 761 2536 parte
805 2455 1059 2514 duorum
1093 2460 1360 2532 porrigit
1396 2456 1664 2534 aequales
1699 2459 1955 2517 lacertos
1973 2458 2008 2517 Ρ
2046 2459 2459 2537 ineptissimum
2479 2496 2502 2531 ,

508 2539 748 2618 opinor,
779 2531 1061 2591 fateberis.
1088 2533 1335 2613 At'quid
1365 2533 1689 2612 Sprengeli’
1722 2536 1808 2595 Re
1834 2533 1948 2612 jam
1992 2534 2319 2614 desperata,
2355 2534 2506 2593 vidit

438 2659 443 2663 .
510 2615 570 2673 in
614 2610 807 2671 Adleri
844 2611 1051 2669 Romoe
1085 2613 1488 2692 descriptione
1514 2612 1750 2673 insulam
1789 2615 1845 2672 in
1879 2614 2013 2674 actis
2051 2627 2374 2692 martyrum
2408 2610 2507 2671 ad·

513 2690 714 2773 pellari
759 2689 808 2747 L
852 2690 1145 2764 canniam,
1187 2694 1264 2750 sic
1305 2690 1559 2751 decrevit
1604 2713 1621 2752 ε
1668 2696 1899 2765 amniS,
1949 2712 2212 2769 porgens
2242 2690 2508 2767 aequales

513 2771 709 2831 media
751 2782 808 2827 te
831 2766 958 2827 lure
976 2768 1275 2843 flacertos3
1313 2768 1510 2831 insula
1531 2789 1742 2831 nomen
1777 2770 1955 2830 habet
1972 2775 2296 2831 Arctorum
2321 2788 2366 2829 a
2386 2787 2509 2847 pa-

517 2866 606 2910 tre
637 2851 897 2907 duorum
920 2845 1085 2921 (scilss
1119 2871 1151 2906 a
1182 2849 1482 2925 Lycaone,
1510 2863 1668 2924 patre
1702 2850 1960 2909 Callistus
1991 2850 2109 2907 sive
2136 2848 2296 2908 Ursae
2318 2845 2511 2925 majo-

513 2930 612 2999 ris,
631 2940 687 2986 et
707 2946 820 2987 avo
838 2927 1069 2985 Arcadis
1080 2929 1205 2985 sive
1219 2968 1236 2999 ,
1252 2942 1315 2986 ut
1325 2928 1598 3004 Sprengel
1620 2927 1813 2987 Bodeo
1836 2925 2039 3000 credit,
2057 2928 2214 2987 Ursae
2233 2925 2511 3002 minoris.)

516 3004 695 3068 Vides
719 3002 996 3064 audacem
1020 3005 1467 3065 emendationem
1483 3048 1500 3078 ,
1522 3004 1619 3065 sed
1641 3005 1843 3066 sudore
1873 3025 1983 3065 non
2005 3003 2467 3066 contemnendam
2487 3021 2509 3065 ε

518 3104 638 3164 quo
694 3098 879 3141 tamen
916 3081 1011 3140 hic
1048 3102 1278 3161 quoque
1311 3085 1388 3143 nil
1444 3083 1772 3162 expeditum
1811 3086 1888 3144 sic
1927 3083 2212 3164 intelliges.
2256 3084 2509 3143 Primum

518 3161 726 3222 nullius
763 3173 1024 3218 veterum
1065 3163 1384 3222 testimonio
1425 3174 1674 3236 constat,
1722 3164 1959 3222 insulam
2006 3162 2334 3234 Tiberinam
2378 3177 2510 3222 ante

522 3240 617 3297 vel
659 3239 780 3313 ipso
820 3236 1017 3295 Ovidii
1071 3249 1193 3298 ae‘vo
1229 3237 1346 3317 jam
1398 3239 1747 3320 Lycaoniam
1786 3262 1899 3301 esse
1941 3239 2168 3301 dictam.
2217 3241 2313 3302 Sic
2351 3240 2511 3301 liceat

522 3315 826 3379 adfirmare
843 3357 860 3392 ,
881 3315 1064 3376 donec
1083 3320 1430 3378 contrarium
1457 3321 1581 3399 quis
1604 3322 1822 3380 doceat.
1845 3319 2003 3381 Jovis
2024 3335 2216 3384 autem
2241 3318 2515 3399 Lycaonii

525 3414 643 3472 tem
708 3413 840 3468 um,
878 3415 910 3454 a
947 3414 1066 3474 quo
1104 3396 1315 3457 dictam
1357 3399 1657 3478 antiquarii
1698 3412 1977 3474 narrant„
2006 3397 2208 3459 Ovidii
2250 3410 2413 3458 aetate
2456 3401 2515 3459 in

524 3477 646 3536 insu
673 3495 705 3533 a
742 3472 936 3544 fuisse,
976 3488 1042 3533 ut
1090 3494 1297 3555 negare
1330 3497 1455 3537 uon.
1487 3480 1704 3553 ausim,
1749 3479 1826 3537 ita
1867 3499 1985 3538 non
2028 3478 2255 3539 credam
2279 3518 2296 3552 ‚
2336 3476 2514 3537 donec

524 3565 858 3633 argumenta
920 3554 1178 3615 dubitare
1240 3569 1465 3631 vetent,
1530 3575 1659 3636 quas
1710 3555 1915 3617 frustra
1970 3555 2198 3617 interim
2260 3554 2512 3636 quaesivi.

527 3634 764 3694 Certum
800 3645 986 3692 tamen
1007 3646 1200 3693 manet
1221 3674 1241 3705 ,
1279 3634 1629 3714 Lycaoniam
1658 3655 1775 3700 esse
1792 3677 1811 3709 ,
1838 3656 1872 3695 a
1898 3656 2240 3715 quocunque
2280 3634 2514 3696 demum

526 3724 786 3790 tempore
821 3725 920 3770 aut
956 3730 1160 3787 causa,
1211 3712 1565 3787 adpellatam.
1613 3714 1809 3774 Restat
1870 3717 2071 3794 igitur,
2128 3727 2193 3771 ut
2244 3711 2517 3792 Sprengel

529 3787 707 3847 fidem
745 3789 988 3849 historiae
1019 3790 1394 3852 emendationi
1427 3792 1714 3867 conciliet,
1754 3812 1927 3873 quam
1963 3790 2209 3871 alioquin
2230 3831 2249 3865 ,
2283 3804 2517 3870 propter

531 3865 766 3928 nimiam
810 3881 999 3931 textus
1029 3872 1406 3934 mutationem
1448 3871 1600 3935 nulla
1640 3870 1903 3935 codicum
1938 3871 2275 3935 auctoritate
2313 3870 2515 3936 niten-
