<?xml version="1.0" encoding="UTF-8"?>
<!DOCTYPE html PUBLIC "-//W3C//DTD XHTML 1.0 Transitional//EN"
    "http://www.w3.org/TR/xhtml1/DTD/xhtml1-transitional.dtd">
<html xmlns="http://www.w3.org/1999/xhtml" xml:lang="en" lang="en">
 <head>
  <title>
</title>
<meta http-equiv="Content-Type" content="text/html;charset=utf-8" />
  <meta name='ocr-system' content='tesseract 3.04.00' />
  <meta name='ocr-capabilities' content='ocr_page ocr_carea ocr_par ocr_line ocrx_word'/>
</head>
<body>
  <div class='ocr_page' id='page_1' title='image "./jdfussadjblycoc00spregoog_0058.png"; bbox 0 0 2742 4509; ppageno 0'>
   <div class='ocr_carea' id='block_1_1' title="bbox 406 302 2424 1178">
    <p class='ocr_par' dir='ltr' id='par_1_1' title="bbox 406 302 2424 1178">
     <span class='ocr_line' id='line_1_1' title="bbox 414 302 2399 397; baseline 0.008 -32"><span class='ocrx_word' id='word_1_1' title='bbox 414 315 609 366; x_wconf 77' lang='lat' dir='ltr'>aestum</span> <span class='ocrx_word' id='word_1_2' title='bbox 643 321 759 365; x_wconf 88' lang='lat' dir='ltr'>non</span> <span class='ocrx_word' id='word_1_3' title='bbox 792 302 958 368; x_wconf 75' lang='lat' dir='ltr'>fuisse</span> <span class='ocrx_word' id='word_1_4' title='bbox 977 340 998 381; x_wconf 80' lang='lat'><strong>‚</strong></span> <span class='ocrx_word' id='word_1_5' title='bbox 1034 303 1229 384; x_wconf 24' lang='lat' dir='ltr'>arguit*</span> <span class='ocrx_word' id='word_1_6' title='bbox 1252 324 1447 367; x_wconf 78' lang='lat' dir='ltr'>versus</span> <span class='ocrx_word' id='word_1_7' title='bbox 1487 308 1624 388; x_wconf 74' lang='lat'><strong>389.</strong></span> <span class='ocrx_word' id='word_1_8' title='bbox 1664 305 2197 377; x_wconf 67' lang='lat' dir='ltr'>Albula-hibernis</span> <span class='ocrx_word' id='word_1_9' title='bbox 2214 316 2399 397; x_wconf 58' lang='grc' dir='ltr'>Ιίνιι-</span> 
     </span>
     <span class='ocr_line' id='line_1_2' title="bbox 415 383 2424 466; baseline 0.008 -23"><span class='ocrx_word' id='word_1_10' title='bbox 415 384 678 443; x_wconf 76' lang='lat' dir='ltr'><em>tumebat</em></span> <span class='ocrx_word' id='word_1_11' title='bbox 701 388 894 460; x_wconf 77' lang='lat' dir='ltr'>aquis.</span> <span class='ocrx_word' id='word_1_12' title='bbox 919 383 1093 442; x_wconf 85' lang='lat' dir='ltr'>Vides</span> <span class='ocrx_word' id='word_1_13' title='bbox 1113 426 1131 457; x_wconf 75' lang='lat'><strong>‚</strong></span> <span class='ocrx_word' id='word_1_14' title='bbox 1170 405 1340 464; x_wconf 86' lang='lat' dir='ltr'>quam</span> <span class='ocrx_word' id='word_1_15' title='bbox 1361 389 1583 465; x_wconf 76' lang='lat' dir='ltr'>egregie.</span> <span class='ocrx_word' id='word_1_16' title='bbox 1610 386 1696 446; x_wconf 86' lang='lat' dir='ltr'>his</span> <span class='ocrx_word' id='word_1_17' title='bbox 1713 404 1992 466; x_wconf 76' lang='lat' dir='ltr'>congruat</span> <span class='ocrx_word' id='word_1_18' title='bbox 2016 395 2209 455; x_wconf 75' lang='lat' dir='ltr'>ardor</span> <span class='ocrx_word' id='word_1_19' title='bbox 2235 412 2395 459; x_wconf 57' lang='lat' dir='ltr'>erat«</span> <span class='ocrx_word' id='word_1_20' title='bbox 2419 429 2424 440; x_wconf 45' lang='grc' dir='ltr'><em>ι</em></span> 
     </span>
     <span class='ocr_line' id='line_1_3' title="bbox 412 463 2392 556; baseline 0.006 -32"><span class='ocrx_word' id='word_1_21' title='bbox 412 464 694 524; x_wconf 64' lang='lat' dir='ltr'>Caeterum</span> <span class='ocrx_word' id='word_1_22' title='bbox 737 463 950 535; x_wconf 73' lang='lat' dir='ltr'>fateor,</span> <span class='ocrx_word' id='word_1_23' title='bbox 987 476 1216 556; x_wconf 75' lang='lat' dir='ltr'>poetam</span> <span class='ocrx_word' id='word_1_24' title='bbox 1259 464 1502 525; x_wconf 79' lang='lat' dir='ltr'>obscure</span> <span class='ocrx_word' id='word_1_25' title='bbox 1561 466 1812 526; x_wconf 77' lang='lat' dir='ltr'>locutum</span> <span class='ocrx_word' id='word_1_26' title='bbox 1849 487 2002 543; x_wconf 78' lang='lat' dir='ltr'>esse,</span> <span class='ocrx_word' id='word_1_27' title='bbox 2043 486 2100 531; x_wconf 90' lang='lat' dir='ltr'>et</span> <span class='ocrx_word' id='word_1_28' title='bbox 2140 475 2392 536; x_wconf 70' lang='lat' dir='ltr'>nonnihil</span> 
     </span>
     <span class='ocr_line' id='line_1_4' title="bbox 410 540 2393 631; baseline 0.006 -30"><span class='ocrx_word' id='word_1_29' title='bbox 410 541 717 618; x_wconf 80' lang='lat' dir='ltr'>suspicatus</span> <span class='ocrx_word' id='word_1_30' title='bbox 758 560 885 601; x_wconf 85' lang='lat' dir='ltr'>snm</span> <span class='ocrx_word' id='word_1_31' title='bbox 926 540 1091 601; x_wconf 77' lang='lat' dir='ltr'>fuisse</span> <span class='ocrx_word' id='word_1_32' title='bbox 1136 541 1326 602; x_wconf 86' lang='lat' dir='ltr'>arbor</span> <span class='ocrx_word' id='word_1_33' title='bbox 1369 544 1489 616; x_wconf 76' lang='lat' dir='ltr'>ibi,</span> <span class='ocrx_word' id='word_1_34' title='bbox 1545 559 1680 605; x_wconf 84' lang='lat' dir='ltr'>erat</span> <span class='ocrx_word' id='word_1_35' title='bbox 1719 559 1946 621; x_wconf 83' lang='lat' dir='ltr'>autem,</span> <span class='ocrx_word' id='word_1_36' title='bbox 1986 550 2393 631; x_wconf 76' lang='lat' dir='ltr'>ab.interpi·e-,-</span> 
     </span>
     <span class='ocr_line' id='line_1_5' title="bbox 408 619 2393 703; baseline 0.007 -23"><span class='ocrx_word' id='word_1_37' title='bbox 408 632 566 680; x_wconf 77' lang='lat' dir='ltr'>tante</span> <span class='ocrx_word' id='word_1_38' title='bbox 605 620 661 680; x_wconf 88' lang='lat' dir='ltr'>in</span> <span class='ocrx_word' id='word_1_39' title='bbox 715 621 967 699; x_wconf 82' lang='lat' dir='ltr'><strong>margine</strong></span> <span class='ocrx_word' id='word_1_40' title='bbox 1011 619 1321 697; x_wconf 83' lang='lat' dir='ltr'>scriptum,</span> <span class='ocrx_word' id='word_1_41' title='bbox 1376 625 1430 680; x_wconf 85' lang='lat' dir='ltr'>in</span> <span class='ocrx_word' id='word_1_42' title='bbox 1478 636 1698 684; x_wconf 77' lang='lat' dir='ltr'>textum</span> <span class='ocrx_word' id='word_1_43' title='bbox 1748 623 2037 703; x_wconf 71' lang='lat' dir='ltr'><strong>irrepsisse.</strong></span> <span class='ocrx_word' id='word_1_44' title='bbox 2091 631 2282 691; x_wconf 86' lang='lat' dir='ltr'>Subiit</span> <span class='ocrx_word' id='word_1_45' title='bbox 2331 645 2393 693; x_wconf 77' lang='lat' dir='ltr'>et</span> 
     </span>
     <span class='ocr_line' id='line_1_6' title="bbox 409 697 2397 779; baseline 0.007 -21"><span class='ocrx_word' id='word_1_46' title='bbox 409 697 564 758; x_wconf 82' lang='lat' dir='ltr'>aliud</span> <span class='ocrx_word' id='word_1_47' title='bbox 613 719 630 758; x_wconf 74' lang='grc' dir='ltr'><strong><em>ε</em></strong></span> <span class='ocrx_word' id='word_1_48' title='bbox 675 713 904 779; x_wconf 86' lang='lat' dir='ltr'>poetam</span> <span class='ocrx_word' id='word_1_49' title='bbox 943 698 1123 774; x_wconf 80' lang='lat' dir='ltr'>velle,</span> <span class='ocrx_word' id='word_1_50' title='bbox 1171 699 1412 770; x_wconf 71' lang='lat' dir='ltr'>alveum,</span> <span class='ocrx_word' id='word_1_51' title='bbox 1441 702 1497 760; x_wconf 93' lang='lat' dir='ltr'>in</span> <span class='ocrx_word' id='word_1_52' title='bbox 1536 705 1670 761; x_wconf 80' lang='lat' dir='ltr'>limo</span> <span class='ocrx_word' id='word_1_53' title='bbox 1707 702 1991 763; x_wconf 76' lang='lat' dir='ltr'><strong>sedentem</strong></span> <span class='ocrx_word' id='word_1_54' title='bbox 2039 707 2095 766; x_wconf 90' lang='lat' dir='ltr'>in</span> <span class='ocrx_word' id='word_1_55' title='bbox 2134 711 2397 771; x_wconf 77' lang='lat' dir='ltr'>arborem</span> 
     </span>
     <span class='ocr_line' id='line_1_7' title="bbox 407 778 2392 860; baseline 0.006 -24"><span class='ocrx_word' id='word_1_56' title='bbox 407 778 675 836; x_wconf 86' lang='lat' dir='ltr'>continuo</span> <span class='ocrx_word' id='word_1_57' title='bbox 698 797 811 837; x_wconf 86' lang='lat' dir='ltr'>esse</span> <span class='ocrx_word' id='word_1_58' title='bbox 835 791 1152 854; x_wconf 79' lang='lat' dir='ltr'>mutatum3</span> <span class='ocrx_word' id='word_1_59' title='bbox 1169 798 1341 857; x_wconf 86' lang='lat' dir='ltr'>quam</span> <span class='ocrx_word' id='word_1_60' title='bbox 1358 778 1611 840; x_wconf 87' lang='lat' dir='ltr'>fabulam</span> <span class='ocrx_word' id='word_1_61' title='bbox 1632 799 1908 859; x_wconf 77' lang='lat' dir='ltr'><strong>nusquam</strong></span> <span class='ocrx_word' id='word_1_62' title='bbox 1926 786 2136 860; x_wconf 80' lang='lat' dir='ltr'>reperi,</span> <span class='ocrx_word' id='word_1_63' title='bbox 2160 788 2254 854; x_wconf 76' lang='lat' dir='ltr'>sed</span> <span class='ocrx_word' id='word_1_64' title='bbox 2276 808 2392 848; x_wconf 90' lang='lat' dir='ltr'>non</span> 
     </span>
     <span class='ocr_line' id='line_1_8' title="bbox 407 855 2392 942; baseline 0.005 -26"><span class='ocrx_word' id='word_1_65' title='bbox 407 855 623 916; x_wconf 87' lang='lat' dir='ltr'>mireris</span> <span class='ocrx_word' id='word_1_66' title='bbox 655 857 711 915; x_wconf 90' lang='lat' dir='ltr'>in</span> <span class='ocrx_word' id='word_1_67' title='bbox 741 877 799 916; x_wconf 91' lang='lat' dir='ltr'>re</span> <span class='ocrx_word' id='word_1_68' title='bbox 830 871 943 915; x_wconf 86' lang='lat' dir='ltr'>tam</span> <span class='ocrx_word' id='word_1_69' title='bbox 979 856 1256 916; x_wconf 80' lang='lat' dir='ltr'>miraculis</span> <span class='ocrx_word' id='word_1_70' title='bbox 1289 859 1585 919; x_wconf 81' lang='lat' dir='ltr'>celebrata.</span> <span class='ocrx_word' id='word_1_71' title='bbox 1624 859 1856 920; x_wconf 78' lang='lat' dir='ltr'>Certum</span> <span class='ocrx_word' id='word_1_72' title='bbox 1894 875 1977 921; x_wconf 89' lang='lat' dir='ltr'>est</span> <span class='ocrx_word' id='word_1_73' title='bbox 2004 864 2136 923; x_wconf 88' lang='lat' dir='ltr'>huic</span> <span class='ocrx_word' id='word_1_74' title='bbox 2160 869 2392 942; x_wconf 76' lang='lat' dir='ltr'>conjec-</span> 
     </span>
     <span class='ocr_line' id='line_1_9' title="bbox 406 934 2387 1012; baseline 0.005 -18"><span class='ocrx_word' id='word_1_75' title='bbox 406 946 550 994; x_wconf 79' lang='lat' dir='ltr'>turae</span> <span class='ocrx_word' id='word_1_76' title='bbox 581 953 804 1010; x_wconf 84' lang='lat' dir='ltr'>prorsus</span> <span class='ocrx_word' id='word_1_77' title='bbox 821 934 1010 995; x_wconf 80' lang='lat' dir='ltr'>favere</span> <span class='ocrx_word' id='word_1_78' title='bbox 1045 935 1336 1012; x_wconf 83' lang='lat' dir='ltr'>phrasium</span> <span class='ocrx_word' id='word_1_79' title='bbox 1369 957 1579 998; x_wconf 79' lang='lat' dir='ltr'>nexum</span> <span class='ocrx_word' id='word_1_80' title='bbox 1611 958 1628 997; x_wconf 76' lang='grc' dir='ltr'><strong><em>ε</em></strong></span> <span class='ocrx_word' id='word_1_81' title='bbox 1657 968 1760 985; x_wconf 91' lang='lat'>—-</span> <span class='ocrx_word' id='word_1_82' title='bbox 1794 941 1971 1001; x_wconf 82' lang='lat' dir='ltr'>sedet.</span> <span class='ocrx_word' id='word_1_83' title='bbox 1994 942 2201 1002; x_wconf 81' lang='lat' dir='ltr'>Arbor</span> <span class='ocrx_word' id='word_1_84' title='bbox 2235 957 2387 1004; x_wconf 79' lang='lat' dir='ltr'>erat.</span> 
     </span>
     <span class='ocr_line' id='line_1_10' title="bbox 425 1011 2394 1101; baseline 0.006 -29"><span class='ocrx_word' id='word_1_85' title='bbox 425 1033 429 1038; x_wconf 92' lang='lat'>·</span> <span class='ocrx_word' id='word_1_86' title='bbox 485 1014 577 1073; x_wconf 87' lang='lat'>111</span> <span class='ocrx_word' id='word_1_87' title='bbox 603 1053 622 1087; x_wconf 78' lang='lat'><strong>‚</strong></span> <span class='ocrx_word' id='word_1_88' title='bbox 662 1013 771 1074; x_wconf 77' lang='lat'>381</span> <span class='ocrx_word' id='word_1_89' title='bbox 794 1054 815 1089; x_wconf 88' lang='lat'>‚</span> <span class='ocrx_word' id='word_1_90' title='bbox 860 1011 952 1089; x_wconf 88' lang='lat' dir='ltr'>(S</span> <span class='ocrx_word' id='word_1_91' title='bbox 1000 1031 1151 1091; x_wconf 77' lang='lat' dir='ltr'>reng.</span> <span class='ocrx_word' id='word_1_92' title='bbox 1201 1033 1261 1091; x_wconf 82' lang='lat' dir='ltr'>p.</span> <span class='ocrx_word' id='word_1_93' title='bbox 1307 1023 1464 1082; x_wconf 72' lang='lat' dir='ltr'>iao.)</span> <span class='ocrx_word' id='word_1_94' title='bbox 1496 1058 1514 1088; x_wconf 78' lang='lat'>,</span> <span class='ocrx_word' id='word_1_95' title='bbox 1574 1017 1797 1077; x_wconf 85' lang='lat' dir='ltr'>criticus</span> <span class='ocrx_word' id='word_1_96' title='bbox 1835 1016 2083 1082; x_wconf 81' lang='lat' dir='ltr'>decernit</span> <span class='ocrx_word' id='word_1_97' title='bbox 2117 1019 2394 1101; x_wconf 74' lang='lat' dir='ltr'>exempla</span> 
     </span>
     <span class='ocr_line' id='line_1_11' title="bbox 406 1091 1788 1178; baseline 0.002 -25"><span class='ocrx_word' id='word_1_98' title='bbox 406 1110 516 1172; x_wconf 83' lang='lat' dir='ltr'>pro</span> <span class='ocrx_word' id='word_1_99' title='bbox 547 1091 787 1178; x_wconf 52' lang='lat' dir='ltr'>caelata.</span> <span class='ocrx_word' id='word_1_100' title='bbox 827 1091 945 1152; x_wconf 86' lang='lat' dir='ltr'>Cur</span> <span class='ocrx_word' id='word_1_101' title='bbox 965 1139 978 1152; x_wconf 91' lang='lat'><strong>.</strong></span> <span class='ocrx_word' id='word_1_102' title='bbox 1041 1092 1126 1152; x_wconf 85' lang='lat' dir='ltr'>Ut</span> <span class='ocrx_word' id='word_1_103' title='bbox 1159 1092 1385 1153; x_wconf 85' lang='lat' dir='ltr'>hiatum</span> <span class='ocrx_word' id='word_1_104' title='bbox 1421 1094 1728 1156; x_wconf 77' lang='lat' dir='ltr'><strong>habeamus</strong></span> <span class='ocrx_word' id='word_1_105' title='bbox 1771 1117 1788 1156; x_wconf 73' lang='grc' dir='ltr'><strong><em>ε</em></strong></span> 
     </span>
    </p>
   </div>
   <div class='ocr_carea' id='block_1_2' title="bbox 481 1214 1727 1416">
    <p class='ocr_par' dir='ltr' id='par_1_2' title="bbox 481 1214 1727 1416">
     <span class='ocr_line' id='line_1_12' title="bbox 538 1214 1701 1294; baseline 0.003 -23"><span class='ocrx_word' id='word_1_106' title='bbox 538 1215 693 1271; x_wconf 77' lang='lat' dir='ltr'>Plura</span> <span class='ocrx_word' id='word_1_107' title='bbox 719 1214 871 1286; x_wconf 85' lang='lat' dir='ltr'>jubet</span> <span class='ocrx_word' id='word_1_108' title='bbox 909 1215 1019 1269; x_wconf 87' lang='lat' dir='ltr'>fieri</span> <span class='ocrx_word' id='word_1_109' title='bbox 1050 1215 1208 1270; x_wconf 78' lang='lat' dir='ltr'>simili</span> <span class='ocrx_word' id='word_1_110' title='bbox 1244 1218 1479 1292; x_wconf 79' lang='lat' dir='ltr'>exempla</span> <span class='ocrx_word' id='word_1_111' title='bbox 1521 1220 1701 1294; x_wconf 75' lang='lat' dir='ltr'>figura·</span> 
     </span>
     <span class='ocr_line' id='line_1_13' title="bbox 481 1295 1727 1416; baseline 0.002 -22"><span class='ocrx_word' id='word_1_112' title='bbox 481 1334 574 1396; x_wconf 88' lang='lat'>111</span> <span class='ocrx_word' id='word_1_113' title='bbox 595 1375 621 1411; x_wconf 83' lang='grc'>,.</span> <span class='ocrx_word' id='word_1_114' title='bbox 648 1332 803 1414; x_wconf 77' lang='lat'>429,</span> <span class='ocrx_word' id='word_1_115' title='bbox 848 1334 1134 1415; x_wconf 72' lang='lat' dir='ltr'>(spreng.</span> <span class='ocrx_word' id='word_1_116' title='bbox 1172 1295 1230 1414; x_wconf 64' lang='grc' dir='ltr'>ῥ.</span> <span class='ocrx_word' id='word_1_117' title='bbox 1287 1296 1465 1416; x_wconf 65' lang='grc' dir='ltr'>ια’..)</span> <span class='ocrx_word' id='word_1_118' title='bbox 1505 1336 1560 1396; x_wconf 75' lang='lat' dir='ltr'>in</span> <span class='ocrx_word' id='word_1_119' title='bbox 1603 1337 1727 1396; x_wconf 74' lang='lat' dir='ltr'>roeo</span> 
     </span>
    </p>
   </div>
   <div class='ocr_carea' id='block_1_3' title="bbox 537 1456 1888 1601">
    <p class='ocr_par' dir='ltr' id='par_1_3' title="bbox 537 1456 1888 1601">
     <span class='ocr_line' id='line_1_14' title="bbox 537 1456 1888 1535; baseline 0.001 -20"><span class='ocrx_word' id='word_1_120' title='bbox 537 1459 660 1515; x_wconf 84' lang='lat' dir='ltr'>Una</span> <span class='ocrx_word' id='word_1_121' title='bbox 691 1472 813 1513; x_wconf 81' lang='lat' dir='ltr'>nota</span> <span class='ocrx_word' id='word_1_122' title='bbox 848 1472 927 1512; x_wconf 86' lang='lat' dir='ltr'>est</span> <span class='ocrx_word' id='word_1_123' title='bbox 963 1460 1152 1526; x_wconf 75' lang='lat' dir='ltr'>Marti3</span> <span class='ocrx_word' id='word_1_124' title='bbox 1187 1456 1353 1515; x_wconf 77' lang='lat' dir='ltr'>Nonis</span> <span class='ocrx_word' id='word_1_125' title='bbox 1389 1467 1583 1514; x_wconf 74' lang='lat' dir='ltr'>sacrata</span> <span class='ocrx_word' id='word_1_126' title='bbox 1617 1457 1757 1535; x_wconf 86' lang='lat' dir='ltr'>quod</span> <span class='ocrx_word' id='word_1_127' title='bbox 1784 1461 1888 1516; x_wconf 69' lang='lat' dir='ltr'>iuis</span> 
     </span>
     <span class='ocr_line' id='line_1_15' title="bbox 602 1526 1806 1601; baseline 0.003 -21"><span class='ocrx_word' id='word_1_128' title='bbox 602 1526 819 1599; x_wconf 82' lang='lat' dir='ltr'>Tem&#39;pla</span> <span class='ocrx_word' id='word_1_129' title='bbox 851 1540 1036 1599; x_wconf 78' lang='lat' dir='ltr'>putant</span> <span class='ocrx_word' id='word_1_130' title='bbox 1065 1527 1209 1580; x_wconf 84' lang='lat' dir='ltr'>lucos</span> <span class='ocrx_word' id='word_1_131' title='bbox 1245 1527 1460 1601; x_wconf 82' lang='lat' dir='ltr'>Vejovis</span> <span class='ocrx_word' id='word_1_132' title='bbox 1489 1543 1608 1584; x_wconf 84' lang='lat' dir='ltr'>ante</span> <span class='ocrx_word' id='word_1_133' title='bbox 1654 1529 1806 1584; x_wconf 83' lang='lat' dir='ltr'>duos.</span> 
     </span>
    </p>
   </div>
   <div class='ocr_carea' id='block_1_4' title="bbox 405 1644 2440 4001">
    <p class='ocr_par' dir='ltr' id='par_1_4' title="bbox 405 1644 2440 4001">
     <span class='ocr_line' id='line_1_16' title="bbox 413 1644 2390 1724; baseline -0.001 -17"><span class='ocrx_word' id='word_1_134' title='bbox 413 1644 658 1707; x_wconf 83' lang='lat' dir='ltr'>Criticus</span> <span class='ocrx_word' id='word_1_135' title='bbox 700 1659 848 1704; x_wconf 82' lang='lat' dir='ltr'>nota</span> <span class='ocrx_word' id='word_1_136' title='bbox 890 1646 1289 1724; x_wconf 86' lang='lat' dir='ltr'>interpretatur</span> <span class='ocrx_word' id='word_1_137' title='bbox 1332 1645 1656 1724; x_wconf 65' lang='lat' dir='ltr'>ignominiae</span> <span class='ocrx_word' id='word_1_138' title='bbox 1699 1660 1932 1717; x_wconf 78' lang='lat' dir='ltr'>notam3</span> <span class='ocrx_word' id='word_1_139' title='bbox 1970 1646 2176 1703; x_wconf 82' lang='lat' dir='ltr'>scilicet</span> <span class='ocrx_word' id='word_1_140' title='bbox 2217 1667 2390 1712; x_wconf 81' lang='lat' dir='ltr'>unam</span> 
     </span>
     <span class='ocr_line' id='line_1_17' title="bbox 408 1722 2388 1802; baseline 0.001 -22"><span class='ocrx_word' id='word_1_141' title='bbox 408 1725 557 1785; x_wconf 84' lang='lat' dir='ltr'>hanc</span> <span class='ocrx_word' id='word_1_142' title='bbox 586 1740 699 1780; x_wconf 84' lang='lat' dir='ltr'>esse</span> <span class='ocrx_word' id='word_1_143' title='bbox 736 1722 901 1779; x_wconf 86' lang='lat' dir='ltr'>Marti</span> <span class='ocrx_word' id='word_1_144' title='bbox 930 1723 1170 1777; x_wconf 84' lang='lat' dir='ltr'>inustam</span> <span class='ocrx_word' id='word_1_145' title='bbox 1201 1733 1392 1777; x_wconf 90' lang='lat' dir='ltr'>notam</span> <span class='ocrx_word' id='word_1_146' title='bbox 1414 1762 1430 1794; x_wconf 82' lang='lat'>‚</span> <span class='ocrx_word' id='word_1_147' title='bbox 1455 1723 1615 1798; x_wconf 85' lang='lat' dir='ltr'>quod</span> <span class='ocrx_word' id='word_1_148' title='bbox 1643 1722 1885 1799; x_wconf 80' lang='lat' dir='ltr'>Asylum</span> <span class='ocrx_word' id='word_1_149' title='bbox 1914 1722 2149 1798; x_wconf 80' lang='lat' dir='ltr'>pessimo</span> <span class='ocrx_word' id='word_1_150' title='bbox 2182 1727 2388 1802; x_wconf 82' lang='lat' dir='ltr'>cuique</span> 
     </span>
     <span class='ocr_line' id='line_1_18' title="bbox 409 1791 2387 1882; baseline -0.002 -17"><span class='ocrx_word' id='word_1_151' title='bbox 409 1800 687 1882; x_wconf 81' lang='lat' dir='ltr'>aperuerit</span> <span class='ocrx_word' id='word_1_152' title='bbox 718 1795 1013 1856; x_wconf 82' lang='lat' dir='ltr'><strong>Romulus.</strong></span> <span class='ocrx_word' id='word_1_153' title='bbox 1047 1791 1287 1869; x_wconf 84' lang='lat' dir='ltr'>Miriflca</span> <span class='ocrx_word' id='word_1_154' title='bbox 1318 1795 1607 1855; x_wconf 83' lang='lat' dir='ltr'>enimvero</span> <span class='ocrx_word' id='word_1_155' title='bbox 1654 1797 2038 1878; x_wconf 71' lang='lat' dir='ltr'>interpretatio</span> <span class='ocrx_word' id='word_1_156' title='bbox 2057 1842 2075 1873; x_wconf 74' lang='lat'>‚</span> <span class='ocrx_word' id='word_1_157' title='bbox 2106 1813 2165 1861; x_wconf 88' lang='lat' dir='ltr'>et</span> <span class='ocrx_word' id='word_1_158' title='bbox 2194 1802 2387 1862; x_wconf 83' lang='lat' dir='ltr'>critico</span> 
     </span>
     <span class='ocr_line' id='line_1_19' title="bbox 407 1870 2386 1961; baseline 0.003 -26"><span class='ocrx_word' id='word_1_159' title='bbox 407 1882 596 1960; x_wconf 79' lang='lat' dir='ltr'>digna.</span> <span class='ocrx_word' id='word_1_160' title='bbox 617 1876 897 1937; x_wconf 79' lang='lat' dir='ltr'>Notarum</span> <span class='ocrx_word' id='word_1_161' title='bbox 930 1874 984 1931; x_wconf 88' lang='lat' dir='ltr'>in</span> <span class='ocrx_word' id='word_1_162' title='bbox 1017 1871 1167 1931; x_wconf 87' lang='lat' dir='ltr'>fastis</span> <span class='ocrx_word' id='word_1_163' title='bbox 1196 1870 1590 1938; x_wconf 84' lang='lat' dir='ltr'>calendaribus</span> <span class='ocrx_word' id='word_1_164' title='bbox 1610 1876 1824 1937; x_wconf 86' lang='lat' dir='ltr'>mentio</span> <span class='ocrx_word' id='word_1_165' title='bbox 1859 1881 2091 1940; x_wconf 82' lang='lat' dir='ltr'>recurrit</span> <span class='ocrx_word' id='word_1_166' title='bbox 2119 1900 2163 1940; x_wconf 79' lang='lat' dir='ltr'>v</span> <span class='ocrx_word' id='word_1_167' title='bbox 2184 1923 2200 1955; x_wconf 84' lang='lat'>‚</span> <span class='ocrx_word' id='word_1_168' title='bbox 2229 1899 2344 1961; x_wconf 83' lang='lat'>7²7</span> <span class='ocrx_word' id='word_1_169' title='bbox 2366 1922 2386 1960; x_wconf 81' lang='lat'>,</span> 
     </span>
     <span class='ocr_line' id='line_1_20' title="bbox 407 1948 2386 2039; baseline 0.003 -25"><span class='ocrx_word' id='word_1_170' title='bbox 407 1957 466 2018; x_wconf 83' lang='lat' dir='ltr'>in</span> <span class='ocrx_word' id='word_1_171' title='bbox 506 1969 759 2037; x_wconf 81' lang='lat' dir='ltr'>quatuor</span> <span class='ocrx_word' id='word_1_172' title='bbox 790 1953 926 2011; x_wconf 77' lang='lat' dir='ltr'>inde</span> <span class='ocrx_word' id='word_1_173' title='bbox 967 1954 1130 2010; x_wconf 76' lang='lat' dir='ltr'>noris</span> <span class='ocrx_word' id='word_1_174' title='bbox 1173 1948 1342 2011; x_wconf 81' lang='lat' dir='ltr'>locus</span> <span class='ocrx_word' id='word_1_175' title='bbox 1383 1967 1505 2026; x_wconf 80' lang='lat' dir='ltr'>est,</span> <span class='ocrx_word' id='word_1_176' title='bbox 1548 1972 1705 2034; x_wconf 65' lang='grc' dir='ltr'>ηοω,</span> <span class='ocrx_word' id='word_1_177' title='bbox 1754 1958 1796 2015; x_wconf 87' lang='lat' dir='ltr'>si</span> <span class='ocrx_word' id='word_1_178' title='bbox 1835 1958 1972 2036; x_wconf 90' lang='lat' dir='ltr'>quid</span> <span class='ocrx_word' id='word_1_179' title='bbox 2012 1959 2239 2039; x_wconf 80' lang='lat' dir='ltr'>judico,</span> <span class='ocrx_word' id='word_1_180' title='bbox 2270 1978 2386 2021; x_wconf 89' lang='lat' dir='ltr'>non</span> 
     </span>
     <span class='ocr_line' id='line_1_21' title="bbox 410 2027 2388 2125; baseline 0.001 -29"><span class='ocrx_word' id='word_1_181' title='bbox 410 2034 484 2096; x_wconf 89' lang='lat' dir='ltr'>ad</span> <span class='ocrx_word' id='word_1_182' title='bbox 522 2031 757 2093; x_wconf 89' lang='lat' dir='ltr'>totidem</span> <span class='ocrx_word' id='word_1_183' title='bbox 789 2030 905 2089; x_wconf 87' lang='lat' dir='ltr'>dies</span> <span class='ocrx_word' id='word_1_184' title='bbox 930 2070 950 2106; x_wconf 83' lang='lat'>‚</span> <span class='ocrx_word' id='word_1_185' title='bbox 993 2029 1086 2089; x_wconf 88' lang='lat' dir='ltr'>sed</span> <span class='ocrx_word' id='word_1_186' title='bbox 1128 2027 1212 2089; x_wconf 80' lang='lat' dir='ltr'>ad.</span> <span class='ocrx_word' id='word_1_187' title='bbox 1242 2033 1416 2090; x_wconf 85' lang='lat' dir='ltr'>u&#39;nam</span> <span class='ocrx_word' id='word_1_188' title='bbox 1452 2033 1772 2125; x_wconf 73' lang='lat' dir='ltr'>pertinent,</span> <span class='ocrx_word' id='word_1_189' title='bbox 1807 2036 1883 2093; x_wconf 92' lang='lat' dir='ltr'>ob</span> <span class='ocrx_word' id='word_1_190' title='bbox 1914 2050 2162 2114; x_wconf 84' lang='lat' dir='ltr'>quatuor</span> <span class='ocrx_word' id='word_1_191' title='bbox 2196 2056 2388 2098; x_wconf 79' lang='lat' dir='ltr'>causas</span> 
     </span>
     <span class='ocr_line' id='line_1_22' title="bbox 408 2110 2389 2190; baseline 0.001 -15"><span class='ocrx_word' id='word_1_192' title='bbox 408 2111 644 2175; x_wconf 83' lang='lat' dir='ltr'>totidem</span> <span class='ocrx_word' id='word_1_193' title='bbox 689 2124 848 2170; x_wconf 87' lang='lat' dir='ltr'>notas</span> <span class='ocrx_word' id='word_1_194' title='bbox 896 2110 1200 2170; x_wconf 85' lang='lat' dir='ltr'>habentem</span> <span class='ocrx_word' id='word_1_195' title='bbox 1221 2150 1239 2183; x_wconf 83' lang='lat'>‚</span> <span class='ocrx_word' id='word_1_196' title='bbox 1279 2128 1420 2188; x_wconf 84' lang='lat' dir='ltr'>quas</span> <span class='ocrx_word' id='word_1_197' title='bbox 1456 2128 1575 2190; x_wconf 74' lang='lat' dir='ltr'>ipse</span> <span class='ocrx_word' id='word_1_198' title='bbox 1624 2125 1796 2187; x_wconf 85' lang='lat' dir='ltr'>poeta</span> <span class='ocrx_word' id='word_1_199' title='bbox 1834 2132 1945 2173; x_wconf 89' lang='lat' dir='ltr'>non</span> <span class='ocrx_word' id='word_1_200' title='bbox 1990 2114 2224 2175; x_wconf 77' lang='lat' dir='ltr'>obscure</span> <span class='ocrx_word' id='word_1_201' title='bbox 2266 2114 2389 2176; x_wconf 89' lang='lat' dir='ltr'>de·-</span> 
     </span>
     <span class='ocr_line' id='line_1_23' title="bbox 410 2189 2387 2274; baseline -0.001 -20"><span class='ocrx_word' id='word_1_202' title='bbox 410 2192 586 2254; x_wconf 84' lang='lat' dir='ltr'>ciarat</span> <span class='ocrx_word' id='word_1_203' title='bbox 637 2191 848 2274; x_wconf 81' lang='lat' dir='ltr'>partim</span> <span class='ocrx_word' id='word_1_204' title='bbox 884 2206 1167 2249; x_wconf 86' lang='lat' dir='ltr'>sacrorum</span> <span class='ocrx_word' id='word_1_205' title='bbox 1187 2229 1205 2262; x_wconf 82' lang='lat'><strong>‚</strong></span> <span class='ocrx_word' id='word_1_206' title='bbox 1247 2189 1455 2267; x_wconf 89' lang='lat' dir='ltr'>partim</span> <span class='ocrx_word' id='word_1_207' title='bbox 1491 2190 1634 2267; x_wconf 75' lang='lat' dir='ltr'>regis</span> <span class='ocrx_word' id='word_1_208' title='bbox 1663 2190 1829 2266; x_wconf 82' lang='lat' dir='ltr'>(scil.</span> <span class='ocrx_word' id='word_1_209' title='bbox 1868 2190 2101 2252; x_wconf 71' lang='lat' dir='ltr'>sacrifici</span> <span class='ocrx_word' id='word_1_210' title='bbox 2189 2192 2387 2269; x_wconf 82' lang='lat' dir='ltr'>sugam</span> 
     </span>
     <span class='ocr_line' id='line_1_24' title="bbox 410 2266 2390 2362; baseline 0.001 -29"><span class='ocrx_word' id='word_1_211' title='bbox 410 2286 678 2351; x_wconf 71' lang='lat' dir='ltr'>spectare.</span> <span class='ocrx_word' id='word_1_212' title='bbox 706 2270 858 2332; x_wconf 82' lang='lat' dir='ltr'>Nota</span> <span class='ocrx_word' id='word_1_213' title='bbox 901 2270 1052 2328; x_wconf 90' lang='lat' dir='ltr'>enim</span> <span class='ocrx_word' id='word_1_214' title='bbox 1092 2269 1316 2346; x_wconf 79' lang='lat' dir='ltr'>prorsus</span> <span class='ocrx_word' id='word_1_215' title='bbox 1359 2282 1449 2327; x_wconf 85' lang='lat' dir='ltr'>est</span> <span class='ocrx_word' id='word_1_216' title='bbox 1488 2266 1598 2329; x_wconf 87' lang='lat' dir='ltr'>diei</span> <span class='ocrx_word' id='word_1_217' title='bbox 1632 2269 1909 2362; x_wconf 58' lang='lat' dir='ltr'>adscripta</span> <span class='ocrx_word' id='word_1_218' title='bbox 1951 2269 2069 2329; x_wconf 86' lang='lat' dir='ltr'>s&#39;ive</span> <span class='ocrx_word' id='word_1_219' title='bbox 2126 2271 2223 2332; x_wconf 87' lang='lat' dir='ltr'>esti</span> <span class='ocrx_word' id='word_1_220' title='bbox 2268 2272 2390 2334; x_wconf 74' lang='lat' dir='ltr'>sive·</span> 
     </span>
     <span class='ocr_line' id='line_1_25' title="bbox 411 2345 2382 2426; baseline -0.001 -14"><span class='ocrx_word' id='word_1_221' title='bbox 411 2352 645 2412; x_wconf 87' lang='lat' dir='ltr'>omnino</span> <span class='ocrx_word' id='word_1_222' title='bbox 701 2350 781 2409; x_wconf 87' lang='lat' dir='ltr'>rei</span> <span class='ocrx_word' id='word_1_223' title='bbox 821 2346 1199 2408; x_wconf 84' lang='lat' dir='ltr'>memorabilis</span> <span class='ocrx_word' id='word_1_224' title='bbox 1239 2345 1523 2407; x_wconf 88' lang='lat' dir='ltr'>indicatio.</span> <span class='ocrx_word' id='word_1_225' title='bbox 1567 2347 1772 2422; x_wconf 85' lang='lat' dir='ltr'>Quum</span> <span class='ocrx_word' id='word_1_226' title='bbox 1825 2347 1997 2426; x_wconf 73' lang='lat' dir='ltr'>igitur</span> <span class='ocrx_word' id='word_1_227' title='bbox 2017 2390 2036 2424; x_wconf 84' lang='lat'>‚</span> <span class='ocrx_word' id='word_1_228' title='bbox 2090 2363 2158 2409; x_wconf 89' lang='lat' dir='ltr'>ut</span> <span class='ocrx_word' id='word_1_229' title='bbox 2210 2350 2382 2410; x_wconf 76' lang='lat' dir='ltr'>Fasti</span> 
     </span>
     <span class='ocr_line' id='line_1_26' title="bbox 415 2423 2389 2507; baseline -0.003 -15"><span class='ocrx_word' id='word_1_230' title='bbox 415 2430 615 2492; x_wconf 79' lang='lat' dir='ltr'>Ovidii</span> <span class='ocrx_word' id='word_1_231' title='bbox 656 2441 709 2489; x_wconf 86' lang='lat' dir='ltr'>et</span> <span class='ocrx_word' id='word_1_232' title='bbox 752 2428 979 2486; x_wconf 88' lang='lat' dir='ltr'>omnino</span> <span class='ocrx_word' id='word_1_233' title='bbox 1027 2423 1153 2485; x_wconf 83' lang='lat' dir='ltr'>fasti</span> <span class='ocrx_word' id='word_1_234' title='bbox 1184 2425 1506 2486; x_wconf 78' lang='lat' dir='ltr'>calendar-es</span> <span class='ocrx_word' id='word_1_235' title='bbox 1544 2424 1751 2485; x_wconf 90' lang='lat' dir='ltr'>docent</span> <span class='ocrx_word' id='word_1_236' title='bbox 1768 2469 1790 2503; x_wconf 80' lang='lat'><strong>‚</strong></span> <span class='ocrx_word' id='word_1_237' title='bbox 1836 2426 2036 2488; x_wconf 88' lang='lat' dir='ltr'>eadem</span> <span class='ocrx_word' id='word_1_238' title='bbox 2087 2427 2203 2487; x_wconf 89' lang='lat' dir='ltr'>dies</span> <span class='ocrx_word' id='word_1_239' title='bbox 2245 2447 2389 2507; x_wconf 83' lang='lat' dir='ltr'>saepe</span> 
     </span>
     <span class='ocr_line' id='line_1_27' title="bbox 411 2503 2392 2590; baseline -0.002 -20"><span class='ocrx_word' id='word_1_240' title='bbox 411 2509 673 2590; x_wconf 81' lang='lat' dir='ltr'>pluribus</span> <span class='ocrx_word' id='word_1_241' title='bbox 714 2505 1032 2563; x_wconf 87' lang='lat' dir='ltr'>nominibus</span> <span class='ocrx_word' id='word_1_242' title='bbox 1072 2516 1173 2562; x_wconf 84' lang='lat' dir='ltr'>aut</span> <span class='ocrx_word' id='word_1_243' title='bbox 1226 2503 1368 2562; x_wconf 85' lang='lat' dir='ltr'>festa</span> <span class='ocrx_word' id='word_1_244' title='bbox 1401 2516 1502 2562; x_wconf 86' lang='lat' dir='ltr'>aut</span> <span class='ocrx_word' id='word_1_245' title='bbox 1557 2505 1939 2566; x_wconf 79' lang='lat' dir='ltr'>memorabilis</span> <span class='ocrx_word' id='word_1_246' title='bbox 1983 2520 2159 2578; x_wconf 84' lang='lat' dir='ltr'>esset,</span> <span class='ocrx_word' id='word_1_247' title='bbox 2206 2506 2392 2586; x_wconf 71' lang='lat' dir='ltr'>piures</span> 
     </span>
     <span class='ocr_line' id='line_1_28' title="bbox 414 2579 2390 2655; baseline -0.002 -8"><span class='ocrx_word' id='word_1_248' title='bbox 414 2589 589 2647; x_wconf 81' lang='lat' dir='ltr'>etiam</span> <span class='ocrx_word' id='word_1_249' title='bbox 642 2597 800 2644; x_wconf 84' lang='lat' dir='ltr'>notas</span> <span class='ocrx_word' id='word_1_250' title='bbox 854 2581 1061 2641; x_wconf 86' lang='lat' dir='ltr'>babere</span> <span class='ocrx_word' id='word_1_251' title='bbox 1104 2579 1400 2640; x_wconf 83' lang='lat' dir='ltr'>dicebatur</span> <span class='ocrx_word' id='word_1_252' title='bbox 1419 2622 1439 2655; x_wconf 84' lang='lat'>,</span> <span class='ocrx_word' id='word_1_253' title='bbox 1484 2579 1599 2639; x_wconf 81' lang='lat' dir='ltr'>sive</span> <span class='ocrx_word' id='word_1_254' title='bbox 1636 2580 1752 2640; x_wconf 85' lang='lat' dir='ltr'>dies</span> <span class='ocrx_word' id='word_1_255' title='bbox 1795 2604 1904 2641; x_wconf 87' lang='lat' dir='ltr'>una</span> <span class='ocrx_word' id='word_1_256' title='bbox 1956 2596 2086 2641; x_wconf 85' lang='lat' dir='ltr'>nota</span> <span class='ocrx_word' id='word_1_257' title='bbox 2112 2622 2131 2655; x_wconf 78' lang='lat'>,</span> <span class='ocrx_word' id='word_1_258' title='bbox 2169 2581 2390 2644; x_wconf 86' lang='lat' dir='ltr'>duabus</span> 
     </span>
     <span class='ocr_line' id='line_1_29' title="bbox 411 2650 2391 2741; baseline -0.002 -15"><span class='ocrx_word' id='word_1_259' title='bbox 411 2664 563 2726; x_wconf 86' lang='lat' dir='ltr'>notis</span> <span class='ocrx_word' id='word_1_260' title='bbox 598 2675 705 2724; x_wconf 87' lang='lat' dir='ltr'>etc.</span> <span class='ocrx_word' id='word_1_261' title='bbox 739 2659 831 2723; x_wconf 88' lang='lat' dir='ltr'>Sic</span> <span class='ocrx_word' id='word_1_262' title='bbox 860 2650 973 2719; x_wconf 84' lang='lat' dir='ltr'>di&#39;es</span> <span class='ocrx_word' id='word_1_263' title='bbox 1015 2657 1190 2719; x_wconf 89' lang='lat' dir='ltr'>modo</span> <span class='ocrx_word' id='word_1_264' title='bbox 1220 2672 1534 2720; x_wconf 84' lang='lat' dir='ltr'>memorata</span> <span class='ocrx_word' id='word_1_265' title='bbox 1569 2656 1711 2737; x_wconf 72' lang='lat'><strong>(24.</strong></span> <span class='ocrx_word' id='word_1_266' title='bbox 1751 2657 1934 2741; x_wconf 75' lang='lat' dir='ltr'>Maii)</span> <span class='ocrx_word' id='word_1_267' title='bbox 1987 2674 2105 2719; x_wconf 89' lang='lat' dir='ltr'>erat</span> <span class='ocrx_word' id='word_1_268' title='bbox 2142 2673 2391 2740; x_wconf 85' lang='lat' dir='ltr'>quatuor</span> 
     </span>
     <span class='ocr_line' id='line_1_30' title="bbox 413 2735 2392 2822; baseline -0.003 -17"><span class='ocrx_word' id='word_1_269' title='bbox 413 2745 588 2820; x_wconf 82' lang='lat' dir='ltr'>notis3</span> <span class='ocrx_word' id='word_1_270' title='bbox 617 2740 790 2822; x_wconf 86' lang='lat' dir='ltr'>idque</span> <span class='ocrx_word' id='word_1_271' title='bbox 825 2760 896 2799; x_wconf 91' lang='lat' dir='ltr'>ne</span> <span class='ocrx_word' id='word_1_272' title='bbox 939 2740 1125 2818; x_wconf 82' lang='lat' dir='ltr'>inepte</span> <span class='ocrx_word' id='word_1_273' title='bbox 1165 2739 1314 2798; x_wconf 87' lang='lat' dir='ltr'>dicat</span> <span class='ocrx_word' id='word_1_274' title='bbox 1347 2752 1546 2821; x_wconf 61' lang='lat' dir='ltr'>poeta,</span> <span class='ocrx_word' id='word_1_275' title='bbox 1587 2756 1690 2816; x_wconf 84' lang='lat' dir='ltr'>pro</span> <span class='ocrx_word' id='word_1_276' title='bbox 1730 2736 1931 2816; x_wconf 83' lang='lat' dir='ltr'>locus,</span> <span class='ocrx_word' id='word_1_277' title='bbox 1964 2757 2056 2798; x_wconf 86' lang='lat' dir='ltr'>me</span> <span class='ocrx_word' id='word_1_278' title='bbox 2093 2735 2392 2818; x_wconf 75' lang='lat' dir='ltr'>suadente,</span> 
     </span>
     <span class='ocr_line' id='line_1_31' title="bbox 411 2815 2393 2903; baseline -0.004 -18"><span class='ocrx_word' id='word_1_279' title='bbox 411 2824 563 2903; x_wconf 82' lang='lat' dir='ltr'>leges</span> <span class='ocrx_word' id='word_1_280' title='bbox 589 2822 740 2895; x_wconf 68' lang='lat' dir='ltr'>luat,-</span> <span class='ocrx_word' id='word_1_281' title='bbox 772 2837 839 2878; x_wconf 88' lang='lat' dir='ltr'>eo</span> <span class='ocrx_word' id='word_1_282' title='bbox 857 2819 1033 2894; x_wconf 77' lang='lat' dir='ltr'>magis</span> <span class='ocrx_word' id='word_1_283' title='bbox 1051 2859 1069 2892; x_wconf 83' lang='lat'>‚</span> <span class='ocrx_word' id='word_1_284' title='bbox 1093 2820 1362 2897; x_wconf 85' lang='lat' dir='ltr'>quoniam</span> <span class='ocrx_word' id='word_1_285' title='bbox 1396 2818 1455 2877; x_wconf 89' lang='lat' dir='ltr'>in</span> <span class='ocrx_word' id='word_1_286' title='bbox 1487 2829 1709 2880; x_wconf 82' lang='lat' dir='ltr'>vetusta</span> <span class='ocrx_word' id='word_1_287' title='bbox 1726 2817 1972 2877; x_wconf 85' lang='lat' dir='ltr'>editione</span> <span class='ocrx_word' id='word_1_288' title='bbox 1994 2816 2196 2895; x_wconf 81' lang='lat' dir='ltr'>legitur</span> <span class='ocrx_word' id='word_1_289' title='bbox 2218 2815 2393 2878; x_wconf 75' lang='lat' dir='ltr'>lucus</span> 
     </span>
     <span class='ocr_line' id='line_1_32' title="bbox 412 2892 2395 2976; baseline -0.003 -13"><span class='ocrx_word' id='word_1_290' title='bbox 412 2915 501 2964; x_wconf 78' lang='lat' dir='ltr'>est</span> <span class='ocrx_word' id='word_1_291' title='bbox 531 2902 646 2962; x_wconf 87' lang='lat' dir='ltr'>sine</span> <span class='ocrx_word' id='word_1_292' title='bbox 664 2918 827 2960; x_wconf 83' lang='lat' dir='ltr'>sensu</span> <span class='ocrx_word' id='word_1_293' title='bbox 845 2897 1046 2958; x_wconf 89' lang='lat' dir='ltr'>idoneo</span> <span class='ocrx_word' id='word_1_294' title='bbox 1062 2937 1080 2970; x_wconf 82' lang='lat'><strong>‚</strong></span> <span class='ocrx_word' id='word_1_295' title='bbox 1103 2896 1181 2955; x_wconf 87' lang='lat' dir='ltr'>ob</span> <span class='ocrx_word' id='word_1_296' title='bbox 1207 2914 1450 2976; x_wconf 84' lang='lat' dir='ltr'>eamque</span> <span class='ocrx_word' id='word_1_297' title='bbox 1468 2915 1588 2957; x_wconf 85' lang='lat' dir='ltr'>rem</span> <span class='ocrx_word' id='word_1_298' title='bbox 1616 2909 1899 2968; x_wconf 79' lang='lat' dir='ltr'>mutatum</span> <span class='ocrx_word' id='word_1_299' title='bbox 1916 2897 1971 2957; x_wconf 90' lang='lat' dir='ltr'>in</span> <span class='ocrx_word' id='word_1_300' title='bbox 1998 2894 2205 2970; x_wconf 79' lang='lat' dir='ltr'>Iocus,</span> <span class='ocrx_word' id='word_1_301' title='bbox 2233 2892 2395 2974; x_wconf 75' lang='lat' dir='ltr'>quod</span> 
     </span>
     <span class='ocr_line' id='line_1_33' title="bbox 414 2973 2393 3056; baseline -0.003 -15"><span class='ocrx_word' id='word_1_302' title='bbox 414 2981 611 3041; x_wconf 85' lang='lat' dir='ltr'>litteris</span> <span class='ocrx_word' id='word_1_303' title='bbox 655 2980 831 3056; x_wconf 79' lang='lat' dir='ltr'>magis</span> <span class='ocrx_word' id='word_1_304' title='bbox 886 2976 1160 3052; x_wconf 81' lang='lat' dir='ltr'>discrepat</span> <span class='ocrx_word' id='word_1_305' title='bbox 1209 2995 1243 3034; x_wconf 84' lang='lat' dir='ltr'>a</span> <span class='ocrx_word' id='word_1_306' title='bbox 1293 2974 1407 3035; x_wconf 77' lang='lat' dir='ltr'>lux</span> <span class='ocrx_word' id='word_1_307' title='bbox 1438 3015 1458 3050; x_wconf 79' lang='lat'>‚</span> <span class='ocrx_word' id='word_1_308' title='bbox 1500 2995 1669 3050; x_wconf 80' lang='lat' dir='ltr'>vera,</span> <span class='ocrx_word' id='word_1_309' title='bbox 1708 2976 1753 3034; x_wconf 85' lang='lat' dir='ltr'>si</span> <span class='ocrx_word' id='word_1_310' title='bbox 1789 2973 1925 3053; x_wconf 90' lang='lat' dir='ltr'>quid</span> <span class='ocrx_word' id='word_1_311' title='bbox 1971 2976 2111 3034; x_wconf 86' lang='lat' dir='ltr'>mihi</span> <span class='ocrx_word' id='word_1_312' title='bbox 2160 2974 2337 3035; x_wconf 88' lang='lat' dir='ltr'>credis</span> <span class='ocrx_word' id='word_1_313' title='bbox 2372 3017 2393 3052; x_wconf 78' lang='lat'>‚</span> 
     </span>
     <span class='ocr_line' id='line_1_34' title="bbox 416 3050 2390 3132; baseline -0.004 -12"><span class='ocrx_word' id='word_1_314' title='bbox 416 3059 664 3121; x_wconf 83' lang='lat' dir='ltr'>lectione.</span> <span class='ocrx_word' id='word_1_315' title='bbox 704 3056 849 3115; x_wconf 81' lang='lat' dir='ltr'>Haec</span> <span class='ocrx_word' id='word_1_316' title='bbox 874 3071 1091 3127; x_wconf 77' lang='lat' dir='ltr'>tenens,</span> <span class='ocrx_word' id='word_1_317' title='bbox 1140 3071 1254 3113; x_wconf 87' lang='lat' dir='ltr'>non</span> <span class='ocrx_word' id='word_1_318' title='bbox 1287 3054 1531 3114; x_wconf 82' lang='lat' dir='ltr'>absurde</span> <span class='ocrx_word' id='word_1_319' title='bbox 1569 3050 1860 3132; x_wconf 77' lang='lat' dir='ltr'>conjicies,</span> <span class='ocrx_word' id='word_1_320' title='bbox 1910 3067 2137 3131; x_wconf 87' lang='lat' dir='ltr'>poetam</span> <span class='ocrx_word' id='word_1_321' title='bbox 2187 3052 2390 3115; x_wconf 77' lang='lat' dir='ltr'>dixisse</span> 
     </span>
     <span class='ocr_line' id='line_1_35' title="bbox 414 3130 2389 3212; baseline -0.003 -15"><span class='ocrx_word' id='word_1_322' title='bbox 414 3156 538 3197; x_wconf 82' lang='lat' dir='ltr'>una</span> <span class='ocrx_word' id='word_1_323' title='bbox 570 3150 714 3196; x_wconf 82' lang='lat' dir='ltr'>nota</span> <span class='ocrx_word' id='word_1_324' title='bbox 752 3146 840 3192; x_wconf 80' lang='lat' dir='ltr'>est</span> <span class='ocrx_word' id='word_1_325' title='bbox 885 3133 1104 3194; x_wconf 76' lang='lat' dir='ltr'>Martis</span> <span class='ocrx_word' id='word_1_326' title='bbox 1140 3130 1380 3205; x_wconf 77' lang='lat' dir='ltr'>Nonis,</span> <span class='ocrx_word' id='word_1_327' title='bbox 1423 3134 1592 3212; x_wconf 78' lang='lat' dir='ltr'>quia,</span> <span class='ocrx_word' id='word_1_328' title='bbox 1631 3131 1761 3190; x_wconf 84' lang='lat' dir='ltr'>licet</span> <span class='ocrx_word' id='word_1_329' title='bbox 1792 3130 1980 3209; x_wconf 84' lang='lat' dir='ltr'>plures</span> <span class='ocrx_word' id='word_1_330' title='bbox 2020 3144 2204 3192; x_wconf 83' lang='lat' dir='ltr'>essent</span> <span class='ocrx_word' id='word_1_331' title='bbox 2226 3174 2244 3205; x_wconf 75' lang='lat'>‚</span> <span class='ocrx_word' id='word_1_332' title='bbox 2272 3133 2389 3211; x_wconf 83' lang='lat' dir='ltr'>ipse</span> 
     </span>
     <span class='ocr_line' id='line_1_36' title="bbox 414 3209 2388 3291; baseline -0.003 -14"><span class='ocrx_word' id='word_1_333' title='bbox 414 3215 583 3277; x_wconf 85' lang='lat' dir='ltr'>unius</span> <span class='ocrx_word' id='word_1_334' title='bbox 615 3225 838 3274; x_wconf 86' lang='lat' dir='ltr'>tantum</span> <span class='ocrx_word' id='word_1_335' title='bbox 877 3229 1135 3282; x_wconf 77' lang='lat' dir='ltr'>causam,</span> <span class='ocrx_word' id='word_1_336' title='bbox 1169 3210 1446 3291; x_wconf 82' lang='lat' dir='ltr'>templum</span> <span class='ocrx_word' id='word_1_337' title='bbox 1469 3209 1677 3290; x_wconf 75' lang='lat' dir='ltr'>Veiovi</span> <span class='ocrx_word' id='word_1_338' title='bbox 1714 3224 2036 3284; x_wconf 76' lang='lat' dir='ltr'>sacratum,</span> <span class='ocrx_word' id='word_1_339' title='bbox 2076 3230 2388 3272; x_wconf 85' lang='lat' dir='ltr'>memorare</span> 
     </span>
     <span class='ocr_line' id='line_1_37' title="bbox 411 3289 2388 3367; baseline -0.001 -15"><span class='ocrx_word' id='word_1_340' title='bbox 411 3294 621 3366; x_wconf 58' lang='lat' dir='ltr'>vellen</span> <span class='ocrx_word' id='word_1_341' title='bbox 661 3305 884 3350; x_wconf 84' lang='lat' dir='ltr'>coeteras</span> <span class='ocrx_word' id='word_1_342' title='bbox 910 3303 1101 3350; x_wconf 83' lang='lat' dir='ltr'>autem</span> <span class='ocrx_word' id='word_1_343' title='bbox 1141 3289 1213 3347; x_wconf 82' lang='lat' dir='ltr'>ab</span> <span class='ocrx_word' id='word_1_344' title='bbox 1247 3306 1315 3348; x_wconf 88' lang='lat' dir='ltr'>eo</span> <span class='ocrx_word' id='word_1_345' title='bbox 1353 3291 1742 3367; x_wconf 74' lang='lat' dir='ltr'>praetermissas</span> <span class='ocrx_word' id='word_1_346' title='bbox 1763 3308 1880 3349; x_wconf 85' lang='lat' dir='ltr'>esse</span> <span class='ocrx_word' id='word_1_347' title='bbox 1910 3301 1976 3348; x_wconf 87' lang='lat' dir='ltr'>nt</span> <span class='ocrx_word' id='word_1_348' title='bbox 2009 3289 2234 3350; x_wconf 87' lang='lat' dir='ltr'>levioris</span> <span class='ocrx_word' id='word_1_349' title='bbox 2260 3310 2388 3350; x_wconf 88' lang='lat' dir='ltr'>mo-</span> 
     </span>
     <span class='ocr_line' id='line_1_38' title="bbox 412 3368 2389 3449; baseline 0 -19"><span class='ocrx_word' id='word_1_350' title='bbox 412 3371 589 3436; x_wconf 85' lang='lat' dir='ltr'>menti</span> <span class='ocrx_word' id='word_1_351' title='bbox 609 3381 709 3429; x_wconf 84' lang='lat' dir='ltr'>aut</span> <span class='ocrx_word' id='word_1_352' title='bbox 726 3369 1030 3431; x_wconf 84' lang='lat' dir='ltr'>narrationi</span> <span class='ocrx_word' id='word_1_353' title='bbox 1047 3370 1277 3447; x_wconf 72' lang='lat' dir='ltr'>poeticas</span> <span class='ocrx_word' id='word_1_354' title='bbox 1295 3368 1481 3428; x_wconf 88' lang='lat' dir='ltr'>minus</span> <span class='ocrx_word' id='word_1_355' title='bbox 1518 3368 1780 3428; x_wconf 84' lang='lat' dir='ltr'>faventes.</span> <span class='ocrx_word' id='word_1_356' title='bbox 1801 3368 2003 3449; x_wconf 85' lang='lat' dir='ltr'>Neque</span> <span class='ocrx_word' id='word_1_357' title='bbox 2020 3370 2173 3428; x_wconf 89' lang='lat' dir='ltr'>enim</span> <span class='ocrx_word' id='word_1_358' title='bbox 2201 3369 2389 3430; x_wconf 70' lang='lat' dir='ltr'>omnin</span> 
     </span>
     <span class='ocr_line' id='line_1_39' title="bbox 405 3445 2440 3535; baseline -0.003 -24"><span class='ocrx_word' id='word_1_359' title='bbox 405 3451 576 3535; x_wconf 80' lang='lat' dir='ltr'>juxta</span> <span class='ocrx_word' id='word_1_360' title='bbox 615 3462 701 3508; x_wconf 87' lang='lat' dir='ltr'>est</span> <span class='ocrx_word' id='word_1_361' title='bbox 732 3461 1091 3526; x_wconf 84' lang='lat' dir='ltr'>persecutus,</span> <span class='ocrx_word' id='word_1_362' title='bbox 1132 3445 1226 3505; x_wconf 85' lang='lat' dir='ltr'>sed</span> <span class='ocrx_word' id='word_1_363' title='bbox 1267 3447 1447 3506; x_wconf 88' lang='lat' dir='ltr'>multa</span> <span class='ocrx_word' id='word_1_364' title='bbox 1483 3447 1726 3507; x_wconf 87' lang='lat' dir='ltr'>indicare</span> <span class='ocrx_word' id='word_1_365' title='bbox 1756 3448 1887 3507; x_wconf 85' lang='lat' dir='ltr'>satis</span> <span class='ocrx_word' id='word_1_366' title='bbox 1920 3448 2155 3523; x_wconf 78' lang='lat' dir='ltr'>habuit,</span> <span class='ocrx_word' id='word_1_367' title='bbox 2190 3461 2250 3505; x_wconf 91' lang='lat' dir='ltr'>et</span> <span class='ocrx_word' id='word_1_368' title='bbox 2289 3448 2390 3505; x_wconf 79' lang='lat' dir='ltr'>vix</span> <span class='ocrx_word' id='word_1_369' title='bbox 2431 3455 2440 3461; x_wconf 82' lang='grc'><strong>’</strong></span> 
     </span>
     <span class='ocr_line' id='line_1_40' title="bbox 414 3522 2387 3608; baseline -0.004 -18"><span class='ocrx_word' id='word_1_370' title='bbox 414 3529 658 3590; x_wconf 86' lang='lat' dir='ltr'>dubium</span> <span class='ocrx_word' id='word_1_371' title='bbox 702 3526 965 3601; x_wconf 82' lang='lat' dir='ltr'>videtur,</span> <span class='ocrx_word' id='word_1_372' title='bbox 997 3526 1133 3606; x_wconf 87' lang='lat' dir='ltr'>quin</span> <span class='ocrx_word' id='word_1_373' title='bbox 1176 3526 1451 3586; x_wconf 73' lang='lat' dir='ltr'>revissima</span> <span class='ocrx_word' id='word_1_374' title='bbox 1488 3526 1752 3608; x_wconf 79' lang='lat' dir='ltr'>quaedam</span> <span class='ocrx_word' id='word_1_375' title='bbox 1792 3545 1864 3585; x_wconf 89' lang='lat' dir='ltr'>ne</span> <span class='ocrx_word' id='word_1_376' title='bbox 1899 3528 2127 3588; x_wconf 89' lang='lat' dir='ltr'>nomine</span> <span class='ocrx_word' id='word_1_377' title='bbox 2158 3522 2387 3605; x_wconf 80' lang='lat' dir='ltr'>quidem</span> 
     </span>
     <span class='ocr_line' id='line_1_41' title="bbox 407 3601 2383 3687; baseline -0.007 -17"><span class='ocrx_word' id='word_1_378' title='bbox 407 3608 674 3687; x_wconf 67' lang='lat' dir='ltr'>attigerit.</span> <span class='ocrx_word' id='word_1_379' title='bbox 706 3604 898 3667; x_wconf 83' lang='lat' dir='ltr'>Plures</span> <span class='ocrx_word' id='word_1_380' title='bbox 917 3619 1107 3666; x_wconf 86' lang='lat' dir='ltr'>autem</span> <span class='ocrx_word' id='word_1_381' title='bbox 1138 3617 1298 3663; x_wconf 78' lang='lat' dir='ltr'>notas</span> <span class='ocrx_word' id='word_1_382' title='bbox 1315 3604 1494 3666; x_wconf 77' lang='lat' dir='ltr'>Nonis</span> <span class='ocrx_word' id='word_1_383' title='bbox 1529 3606 1728 3666; x_wconf 86' lang='lat' dir='ltr'>Martis</span> <span class='ocrx_word' id='word_1_384' title='bbox 1746 3604 1910 3665; x_wconf 80' lang='lat' dir='ltr'>fuisse</span> <span class='ocrx_word' id='word_1_385' title='bbox 1926 3644 1944 3673; x_wconf 88' lang='lat'>‚</span> <span class='ocrx_word' id='word_1_386' title='bbox 1973 3626 2042 3666; x_wconf 83' lang='lat' dir='ltr'>ex</span> <span class='ocrx_word' id='word_1_387' title='bbox 2072 3624 2140 3665; x_wconf 85' lang='lat' dir='ltr'>eo</span> <span class='ocrx_word' id='word_1_388' title='bbox 2156 3601 2383 3679; x_wconf 80' lang='lat' dir='ltr'>collige,</span> 
     </span>
     <span class='ocr_line' id='line_1_42' title="bbox 412 3680 2387 3769; baseline -0.006 -21"><span class='ocrx_word' id='word_1_389' title='bbox 412 3687 574 3769; x_wconf 86' lang='lat' dir='ltr'>quod</span> <span class='ocrx_word' id='word_1_390' title='bbox 610 3684 794 3746; x_wconf 89' lang='lat' dir='ltr'>eidem</span> <span class='ocrx_word' id='word_1_391' title='bbox 840 3685 949 3744; x_wconf 90' lang='lat' dir='ltr'>diei</span> <span class='ocrx_word' id='word_1_392' title='bbox 990 3685 1046 3742; x_wconf 89' lang='lat' dir='ltr'>in</span> <span class='ocrx_word' id='word_1_393' title='bbox 1096 3682 1246 3741; x_wconf 79' lang='lat' dir='ltr'>sestis</span> <span class='ocrx_word' id='word_1_394' title='bbox 1274 3684 1662 3745; x_wconf 77' lang='lat' dir='ltr'>calendaribus</span> <span class='ocrx_word' id='word_1_395' title='bbox 1712 3683 1991 3764; x_wconf 82' lang='lat' dir='ltr'>adscripta</span> <span class='ocrx_word' id='word_1_396' title='bbox 2028 3695 2156 3743; x_wconf 87' lang='lat' dir='ltr'>sunt</span> <span class='ocrx_word' id='word_1_397' title='bbox 2198 3680 2387 3739; x_wconf 85' lang='lat' dir='ltr'>Juno-</span> 
     </span>
     <span class='ocr_line' id='line_1_43' title="bbox 409 3759 2388 3845; baseline -0.004 -20"><span class='ocrx_word' id='word_1_398' title='bbox 409 3768 556 3826; x_wconf 87' lang='lat' dir='ltr'>nalia</span> <span class='ocrx_word' id='word_1_399' title='bbox 595 3786 610 3825; x_wconf 75' lang='grc' dir='ltr'><strong><em>ε</em></strong></span> <span class='ocrx_word' id='word_1_400' title='bbox 646 3784 773 3845; x_wconf 73' lang='lat' dir='ltr'>quas</span> <span class='ocrx_word' id='word_1_401' title='bbox 842 3778 1026 3825; x_wconf 82' lang='lat' dir='ltr'>tamen</span> <span class='ocrx_word' id='word_1_402' title='bbox 1078 3763 1276 3822; x_wconf 83' lang='lat' dir='ltr'>omissa</span> <span class='ocrx_word' id='word_1_403' title='bbox 1310 3764 1386 3822; x_wconf 86' lang='lat' dir='ltr'>ab</span> <span class='ocrx_word' id='word_1_404' title='bbox 1427 3763 1644 3823; x_wconf 86' lang='lat' dir='ltr'>Ovidio</span> <span class='ocrx_word' id='word_1_405' title='bbox 1690 3761 1836 3840; x_wconf 80' lang='lat' dir='ltr'>iure.</span> <span class='ocrx_word' id='word_1_406' title='bbox 1860 3763 2134 3822; x_wconf 86' lang='lat' dir='ltr'>mirareris</span> <span class='ocrx_word' id='word_1_407' title='bbox 2164 3799 2183 3832; x_wconf 79' lang='lat'>,</span> <span class='ocrx_word' id='word_1_408' title='bbox 2223 3759 2388 3820; x_wconf 63' lang='lat' dir='ltr'>sorte</span> 
     </span>
     <span class='ocr_line' id='line_1_44' title="bbox 407 3837 2386 3912; baseline -0.002 -10"><span class='ocrx_word' id='word_1_409' title='bbox 407 3844 514 3902; x_wconf 77' lang='lat' dir='ltr'>alia</span> <span class='ocrx_word' id='word_1_410' title='bbox 545 3845 832 3904; x_wconf 85' lang='lat' dir='ltr'>occasione</span> <span class='ocrx_word' id='word_1_411' title='bbox 863 3844 917 3904; x_wconf 91' lang='lat' dir='ltr'>in</span> <span class='ocrx_word' id='word_1_412' title='bbox 946 3842 1144 3903; x_wconf 71' lang='lat' dir='ltr'>Fastis</span> <span class='ocrx_word' id='word_1_413' title='bbox 1181 3858 1487 3902; x_wconf 86' lang='lat' dir='ltr'>memorata</span> <span class='ocrx_word' id='word_1_414' title='bbox 1525 3857 1623 3903; x_wconf 85' lang='lat' dir='ltr'>aut</span> <span class='ocrx_word' id='word_1_415' title='bbox 1658 3839 2038 3908; x_wconf 84' lang='lat' dir='ltr'>memoranda.</span> <span class='ocrx_word' id='word_1_416' title='bbox 2073 3837 2165 3899; x_wconf 88' lang='lat' dir='ltr'>Sic</span> <span class='ocrx_word' id='word_1_417' title='bbox 2200 3853 2386 3912; x_wconf 81' lang='lat' dir='ltr'>nota,</span> 
     </span>
     <span class='ocr_line' id='line_1_45' title="bbox 407 3919 2390 4001; baseline -0.002 -20"><span class='ocrx_word' id='word_1_418' title='bbox 407 3920 566 4001; x_wconf 84' lang='lat' dir='ltr'>quod</span> <span class='ocrx_word' id='word_1_419' title='bbox 598 3921 815 3984; x_wconf 85' lang='lat' dir='ltr'>criticos</span> <span class='ocrx_word' id='word_1_420' title='bbox 845 3942 959 3985; x_wconf 85' lang='lat' dir='ltr'>non</span> <span class='ocrx_word' id='word_1_421' title='bbox 995 3939 1200 3995; x_wconf 80' lang='lat' dir='ltr'>parum</span> <span class='ocrx_word' id='word_1_422' title='bbox 1233 3922 1501 4001; x_wconf 77' lang='lat' dir='ltr'>vexavit,</span> <span class='ocrx_word' id='word_1_423' title='bbox 1524 3923 1654 3984; x_wconf 81' lang='lat' dir='ltr'>satis</span> <span class='ocrx_word' id='word_1_424' title='bbox 1680 3922 1969 3984; x_wconf 82' lang='lat' dir='ltr'>defensum</span> <span class='ocrx_word' id='word_1_425' title='bbox 1999 3930 2158 4000; x_wconf 84' lang='lat' dir='ltr'>puto.</span> <span class='ocrx_word' id='word_1_426' title='bbox 2193 3919 2390 4000; x_wconf 84' lang='lat' dir='ltr'>Quan-</span> 
     </span>
    </p>
   </div>
  </div>
 </body>
</html>
