2742 4509
1000 153 1001 156 ¹
1540 154 1556 168 ³
1688 162 1703 178 ο
2227 162 2243 176 ο

1257 187 1263 194 .
1541 181 1556 197 ο
1617 182 1632 198 0
1703 195 1715 210 ¹.
1797 179 1808 186 Α
1912 173 1928 189 θ
2109 180 2126 194 ο
2226 187 2244 205 .

1541 213 1559 228 ,
1617 205 1682 228 ,o
1719 223 1734 233 υ
1871 202 1917 220 ⁸90
2176 204 2193 220 ο

1565 240 1613 259 .-
1667 237 1683 251 0
1737 237 1754 252 0
1794 233 1809 248 ⁸
1889 230 1904 245 0
2148 225 2166 240 ⁶

613 288 633 300 ⁶

383 281 2371 357 msam*-

436 367 441 374 ⁸
1615 355 1630 370 ⁸
1837 350 1887 381 '0
1925 367 1941 380 ο
2001 345 2057 379 ο.
2144 343 2163 360 ο

508 530 619 640 J.
712 528 845 642 B.
934 499 2196 692 LYcocRITxlco
2232 464 2737 752 ῐὲξξ

1239 752 1309 824 ⁵·
1356 751 1452 826 D·
1519 804 1528 808 ·
2254 790 2580 886 1823

1000 930 1093 1017 J.
1174 928 1294 1015 D.
1379 925 1727 1018 Fuss,
1924 960 1931 966 ·
2199 919 2682 1048 tritam}

367 1116 707 1249 Cata-tots
762 1187 853 1248 vel
906 1187 1214 1247 humilioris
1248 1227 1264 1256 ,
1331 1200 1398 1246 ut
1444 1187 1611 1245 'nunc
1666 1197 1909 1260 vocant,
1973 1204 2106 1265 quae
2172 1187 2346 1247 verba

362 1267 589 1325 auctori
621 1280 982 1347 mentemque
1018 1267 1262 1327 restituit
1285 1308 1305 1340 ‚
1338 1286 1454 1326 non
1474 1304 1493 1337 ,
1533 1262 1677 1344 quid
1711 1259 1920 1344 cui'que
1963 1284 2097 1325 vere
2133 1264 2349 1326 falsove

363 1344 646 1406 tribuatur
670 1387 690 1422 ‚
732 1346 1069 1424 investigans
1095 1388 1115 1420 ‚
1159 1343 1390 1405 difficile
1428 1362 1543 1405 esse
1590 1356 1647 1401 et
1701 1363 1840 1404 rarae
1879 1343 2056 1405 laudis
2098 1361 2303 1403 munus
2327 1388 2348 1422 ‚

360 1442 550 1503 neque
588 1438 689 1499 tu,
730 1424 818 1483 vir
862 1423 1184 1483 doctissime
1206 1465 1226 1498 ,
1266 1441 1453 1501 neque
1490 1419 1791 1499 quisquam
1825 1424 2046 1500 ignorat
2077 1424 2196 1481 sive
2228 1422 2359 1501 ipse‘

363 1501 460 1560 illa
507 1521 678 1581 opera
717 1505 981 1574 functus,
1028 1502 1146 1563 sive
1171 1542 1188 1571 ‚
1230 1498 1521 1578 quomodo
1558 1497 1811 1576 plerique
1857 1500 2168 1577 fungantur
2192 1541 2210 1573 ‚
2252 1521 2349 1562 re-

361 1590 582 1657 putans.
621 1583 762 1641 Aliis
800 1580 1056 1639 doctrina
1084 1620 1103 1653 ,
1148 1576 1266 1639 aliis
1318 1575 1636 1656 judicium,
1682 1575 1799 1634 aliis
1845 1575 2154 1657 utrumque
2197 1578 2350 1638 defi-

358 1657 474 1732 cit,
530 1659 622 1717 alii
671 1660 953 1737 denique,
998 1672 1246 1735 utroque
1296 1655 1571 1734 pollentes
1613 1695 1633 1730 ,
1697 1653 2043 1729 deploranda
2102 1657 2352 1733 quadam

356 1736 565 1815 ingenii
603 1735 918 1798 ostentandi
952 1736 1183 1796 libidine
1215 1745 1272 1792 et
1311 1734 1594 1802 vanitate,
1646 1733 1881 1813 quidam
1916 1734 2089 1794 etiam
2139 1734 2347 1797 laboris

358 1812 710 1894 impatientia
768 1815 999 1874 turbant
1055 1813 1228 1893 magis
1283 1825 1664 1905 evertuntque
1706 1857 1721 1884 ,
1786 1832 1962 1891 quam
2026 1813 2350 1884 restituunt,

234 1925 243 1938 ⁶
360 1898 489 1967 Ac,
526 1895 685 1971 quod
721 1893 896 1970 vulgo
920 1891 1181 1953 videmus
1204 1933 1224 1966 ,
1268 1891 1508 1950 nimium
1540 1910 1623 1949 sui
1657 1909 1910 1950 amorem
1937 1934 1956 1967 ‚
1996 1892 2228 1951 nimiam
2275 1894 2347 1953 de

360 1989 468 2030 suo
522 1971 748 2048 ingenio
817 1971 1232 2048 persuasionem
1285 1969 1538 2029 difficilia
1588 1969 1921 2029 conantibus
1973 1970 2164 2030 obesse
2185 2013 2204 2047 ,
2254 1972 2310 2041 id
2331 2019 2347 2048 ,

357 2047 711 2125 haud-scio,
753 2070 825 2108 an
859 2048 917 2108 in
957 2049 1110 2108 nulla
1166 2067 1227 2107 re
1260 2046 1646 2126 frequentius,
1703 2066 1876 2124 quam
1928 2048 1985 2106 ib
2018 2048 2207 2110 critica
2256 2052 2353 2111 in·
2401 2075 2406 2082 ·

364 2125 585 2186 dustria
614 2130 922 2204 contingat.
955 2128 1159 2208 Neque
1195 2144 1336 2186 vero
1364 2126 1597 2182 mirum.
1645 2126 1879 2199 Quippe
1916 2127 2089 2185 critici
2168 2143 2309 2189 artes
2331 2173 2350 2207 ‚

359 2216 429 2264 nt
474 2219 607 2265 sunt
651 2204 916 2266 difficiles
962 2224 1094 2264 sane
1143 2214 1200 2260 et
1248 2215 1564 2276 paucorum
1613 2198 1909 2258 hominum
1938 2245 1954 2272 ,
2002 2204 2079 2262 ita
2153 2207 2352 2268 evibus

356 2295 535 2362 atque
571 2284 880 2362 inexpertis
920 2281 1198 2341 facillimae
1232 2288 1294 2334 et
1341 2275 1587 2351 cujusvis
1620 2294 1734 2332 esse
1775 2276 2060 2336 videntur.
2100 2280 2252 2340 Hinc
2290 2297 2351 2344 et

358 2362 604 2419 seniores
653 2360 893 2435 quidem
949 2357 1119 2408 multi
1156 2351 1467 2426 accedunt,
1525 2369 1668 2429 quos
1692 2349 1916 2411 discere
1975 2355 2299 2418 etiamnunc
2329 2403 2349 2435 ‚

361 2447 422 2493 et
443 2475 464 2508 ‚
521 2433 661 2513 quid
710 2432 937 2487 valeant
975 2426 1201 2490 humeri
1231 2471 1248 2499 ‚
1293 2428 1613 2506 expendere
1657 2430 1957 2509 sapientius
2001 2432 2197 2512 foret3
2249 2438 2348 2500 sed

357 2509 615 2584 inprimis
663 2507 984 2586 importuna
1038 2503 1450 2566 adolescentum
1494 2506 1660 2567 turba
1682 2547 1702 2582 ,
1757 2509 1897 2567 vitio
1947 2513 2124 2571 aetatis
2149 2556 2168 2589 ‚
2240 2518 2346 2579 sibi

357 2585 502 2648 nihil
550 2604 662 2643 non
694 2582 1013 2643 ⁴tribuentis
1041 2624 1061 2657 ,
1117 2582 1255 2642 alios
1306 2598 1666 2646 contemnere
1722 2602 1891 2648 suetae
1917 2631 1938 2665 ‚
2002 2595 2346 2658 venerandas

360 2662 710 2744 antiquitatis
745 2661 1005 2741 reliquias
1041 2659 1340 2725 emendare
1370 2661 1607 2724 laborat.
1641 2664 1745 2725 His
1778 2668 1950 2744 igitur
1971 2709 1988 2743 ,
2030 2670 2345 2735 litterarum

359 2758 680 2803 nostrarum
721 2741 872 2800 bono
892 2782 909 2810 ‚
954 2740 1321 2801 vehementer
1364 2741 1597 2821 quidem
1636 2743 1990 2805 suadendum
2035 2763 2303 2825 putamus
2324 2798 2345 2832 ,

359 2840 491 2901 quse
555 2820 834 2900 principes
889 2817 947 2877 in
1004 2836 1075 2878 eo
1154 2837 1319 2880 enere
1366 2820 1475 2880 viri
1517 2862 1536 2896 ,
1561 2819 2035 2892 xHemsterhusius
2054 2867 2071 2899 ‚
2129 2827 2350 2891 naha-⁴

356 2899 558 2959 kenius
580 2939 598 2972 ‚
634 2913 691 2958 et
713 2940 731 2973 ‚
771 2898 846 2980 (a
883 2894 1044 2974 cujus
1084 2897 1123 2974 ti
1166 2897 1184 2955 i
1222 2897 1510 2977 disciplina
1552 2900 1792 2959 nominis
1818 2901 2002 2959 honor
2038 2902 2342 2990 adhaesit‚)

358 2974 654 3048 wolfius,
690 2978 896 3057 aliique
933 2976 1097 3055 pauci
1137 2979 1232 3038 vel
1267 2976 1444 3037 nostri
1476 2976 1566 3037 vel
1596 2980 1893 3054 superioris
1932 2982 2055 3038 aevi
2093 2982 2166 3043 de
2212 2989 2341 3050 cri..

358 3055 496 3114 tices
550 3053 821 3133 dignitate
875 3068 932 3117 et
973 3053 1226 3131 partibus
1267 3070 1554 3116 senserunt
1596 3072 2051 3138 monueruntque
2070 3105 2088 3137 ‚
2156 3076 2222 3123 ut
2276 3088 2342 3131 ea

365 3131 605 3192 studiose
663 3135 855 3215 legant
912 3150 1220 3212 secumque
1293 3146 1557 3214 reputent
1599 3155 1619 3209 ς
1677 3135 1774 3196 sed
1831 3138 1984 3204 nulla
2055 3160 2116 3200 re
2178 3144 2341 3209 citius

366 3209 666 3290 utiliusque
684 3257 704 3290 ,
738 3212 980 3292 opinor,
1006 3213 1399 3273 movebuntur
1419 3253 1436 3285 ‚
1472 3231 1646 3292 quam
1671 3215 1988 3295 ineptorum
2013 3221 2340 3286 criticorum

247 3346 258 3358 .
368 3301 579 3347 sortem
621 3306 678 3351 et
723 3293 826 3353 rite
861 3290 1147 3382 explosam
1183 3293 1302 3351 sive
1340 3292 1625 3351 levitatem
1657 3295 1778 3353 sive
1805 3296 2177 3372 ignorantiam
2221 3305 2330 3363 in-

364 3363 608 3428 tuentes.
644 3370 734 3430 En
768 3371 1091 3449 primariam
1130 3369 1379 3450 epistolae
1402 3385 1605 3430 nostras
1638 3386 1694 3432 et
1722 3393 1948 3434 causam
1973 3389 2031 3433 et
2063 3376 2255 3440 fi'nem.

444 3444 586 3524 Legi
639 3451 787 3507 enim
823 3468 1042 3526 nuper,
1087 3466 1218 3509 casu
1262 3463 1457 3509 nactus
1480 3489 1499 3521 ,
1549 3448 1684 3509 Chr.
1725 3451 1896 3511 Conr.
1937 3454 2115 3533 Spren
2158 3460 2210 3518 el
2254 3461 2337 3519 li·-

357 3522 579 3584 bellum
624 3547 640 3585 ε
683 3526 841 3588 Neue
892 3528 951 3588 K
954 3526 1094 3587 ritik
1146 3529 1257 3587 der
1306 3527 1666 3589 classischen
1719 3531 2047 3592 riimischen
2154 3538 2340 3598 ichter·

363 3606 429 3661 in
470 3604 931 3686 Anmerkungen
978 3625 1116 3667 zum
1162 3606 1320 3671 ovid
1335 3650 1355 3680 ‚
1398 3605 1604 3687 Virga
1638 3609 1761 3666 und
1798 3608 1998 3671 Tibul!
2021 3653 2040 3686 ‚
2092 3613 2338 3675 Berolini

294 3747 305 3758 ,
359 3699 414 3739 a.
458 3680 605 3744 1815
659 3685 977 3763 vulgatum.
1018 3683 1194 3764 Cujus
1241 3686 1535 3763 praefatio,
1577 3686 1718 3745 mira
1751 3690 2119 3765 promittens,
2153 3693 2337 3767 quum

361 3758 597 3821 avidum
646 3780 740 3822 me
792 3762 1156 3835 reddidisset,
1195 3764 1381 3839 ipsum
1429 3765 1780 3840 pervolventi
1826 3766 2080 3827 libellum
2124 3769 2290 3847 plura
2316 3819 2336 3852 ,

363 3837 485 3912 (cf.
530 3840 605 3900 ad
649 3840 894 3902 Metam.
937 3840 1027 3900 tx
1050 3882 1069 3913 ‚
1119 3840 1239 3918 654
1268 3887 1286 3916 ,
1330 3861 1473 3924 pag.
1501 3840 1653 3923 49.)
1696 3863 1854 3919 poene
1895 3863 2278 3922 persuaserant
2314 3894 2335 3932 ‚

357 3915 652 3978 hominem
703 3921 838 3978 alios
883 3916 1109 3979 ridendi
1155 3938 1319 3983 causa
1363 3923 1656 3985 laborasse.
1691 3921 1977 3980 Postremo
1998 3962 2018 3997 ‚
2069 3923 2141 3985 de
2185 3928 2342 3991 bom

359 3991 476 4059 fide
503 4000 625 4075 jam
658 4009 876 4074 certus,
912 3995 1165 4081 (pagiua
1188 3998 1467 4100 enim‘5a·
1503 3996 1599 4061 56.
1636 4014 1751 4058 non
1780 3997 1974 4060 ludere
2011 4019 2259 4081 arguunt
2277 4006 2335 4088 ‚)

834 4091 845 4109 ’
1173 4101 1646 4234 261936ἱ
1983 4097 2008 4140 ¹
