2742 4509
993 247 1335 341 ,(35)

216 384 340 427 non
376 360 524 423 vidit
559 380 680 423 rem
722 360 1108 439 manifestam,
1152 384 1265 425 non
1307 365 1397 446 agi
1430 364 1502 427 de
1542 371 1745 432 summi
1788 372 2066 453 numinis,
2110 373 2223 438 see

217 443 296 503 de
327 443 531 502 Phoebi
564 444 773 524 clypeo
795 488 810 514 ,
844 440 1004 521 cujus
1038 463 1242 502 nomen
1279 457 1531 524 repetere
1560 450 1740 508 noluit
1770 467 1936 532 poeta
1963 455 2022 513 in
2045 471 2212 518 versu

217 521 561 617 praecedenti
610 541 927 582 occurrens.
969 520 1146 580 Possis
1207 521 1485 604 conjicere
1529 528 1733 587 vultus
1768 543 1824 590 et
1876 532 1983 593 alia
1996 533 2023 603 ’ς
2080 554 2215 594 nam

221 599 465 661 insolens
505 599 766 681 profecto
799 599 1027 676 videtur
1075 599 1276 661 Phoebi
1321 604 1554 680 clypeus
1592 628 1696 686 pro
1733 609 1870 669 orbe
1902 613 2049 676 solis.
2090 611 2210 676 sed

220 681 352 759 quis
389 679 533 737 ausit
563 678 766 739 falsum
808 680 1208 757 pronuntiare,
1248 683 1405 762 quod
1428 724 1449 760 ‚
1493 684 1820 752 insolentius
1859 689 2034 750 modo
2073 691 2214 753 dic-

224 770 355 817 tum
376 800 394 830 ,
433 754 695 818 codicum
726 777 999 817 consensu
1036 758 1281 821 nititur?
1308 795 1315 810 ι

305 836 422 896 XV
442 878 460 907 ‚
489 853 641 916 229,
685 837 958 916 (Spreng.
1000 857 1054 913 p.
1104 836 1276 918 105.)
1317 838 1632 920 Sprengel‚
1659 844 1730 904 ad
1757 864 1944 923 graeca
1962 845 2214 923 rediens,

227 911 456 974 Milonis
506 916 738 974 lacertos
780 914 944 996 fingit
993 913 1251 977 athletas
1296 939 1402 995 pro
1444 924 1699 997 inanes‚·
1743 939 1806 984 ut
1845 925 1916 984 sit
1958 926 2219 1005 Fletque

226 989 430 1053 Milon
460 996 690 1067 senior,
719 1015 897 1073 quum
931 1006 1161 1073 spectat
1191 997 1452 1059 athletas
1477 1028 1581 1048 --
1618 999 1901 1065 lacertos.
1944 1004 2106 1065 Cur?
2133 1006 2219 1065 Ut

224 1090 418 1144 sanae,
458 1086 608 1130 certe
644 1070 886 1132 serendae
923 1071 1260 1136 incredibilis
1299 1077 1463 1136 lectio
1507 1079 1900 1146 substituatur.
2097 1145 2102 1154 ff
2283 1117 2294 1128 η

306 1148 454 1242 XY,
489 1149 604 1288 ῗέιεό
627 1191 644 1223 ‚
689 1153 974 1233 (Spreng.
1010 1171 1067 1232 p.
1120 1153 1297 1236 106.)
1334 1157 1595 1234 criticus,
1630 1158 1703 1219 ad
1745 1159 1967 1222 hiatum
2006 1182 2216 1225 rever-

230 1247 363 1304 sus,
399 1248 459 1287 tn
581 1247 619 1287 o
652 1249 669 1288 τ
1667 1287 1672 1290 ,

364 1383 592 1456 Tempus
624 1384 756 1439 edax
786 1406 956 1441 rerum
977 1424 997 1453 ,
1036 1401 1194 1459 tuque
1235 1387 1488 1441 invidiosa
1531 1371 1789 1458 vetustas,

287 1461 317 1480 ’·
366 1452 556 1505 Omnia
593 1450 892 1519 destruitis,
934 1455 1212 1525 vitiataque
1239 1453 1484 1508 dentibus
1522 1456 1616 1512 tevi

367 1516 620 1573 Paulatim
659 1519 797 1574 lenta
821 1522 1122 1575 consumitis
1155 1521 1328 1574 omnia
1359 1535 1543 1595 morte.

234 1701 342 1762 >pro
374 1684 674 1746 *dentibus
721 1689 839 1748 ceri
895 1682 1143 1748 decernit
1199 1690 1371 1749 dente
1427 1693 1653 1767 iniquo.
1715 1690 1958 1751 Credam
1977 1734 1996 1768 ,
2045 1694 2222 1754 modo

227 1763 515 1839 alterum,
562 1778 766 1842 praeter
804 1784 935 1844 quae
981 1766 1098 1847 ipse
1127 1765 1383 1861 induxit,
1421 1768 1543 1828 talis
1570 1769 1770 1828 *hiatus
1807 1772 2130 1849 exemplum
2164 1774 2222 1832 in

186 1906 196 1920 ,Δ
237 1840 458 1899 Ovidio
488 1844 768 1920 reperiat.
805 1845 1088 1906 Caeterum
1116 1845 1241 1923 jure
1281 1866 1595 1921 miremur,
1630 1841 2127 1926 contmentatoies,
2170 1852 2224 1911 in

236 1918 418 1996 iisque
461 1920 774 1997 Gieriginm
796 1961 815 1995 ,
855 1936 951 1997 et,
987 1935 1366 2002 postremum,
1404 1940 1682 2006 quantum
1729 1927 1873 1999 scio,
1908 1930 2216 2007 editorem,

234 1994 578 2059 Lemairium
636 1998 812 2060 verba
860 2002 1138 2065 dentibus
1187 2008 1307 2065 oevi
1334 2026 1479 2063 ⁴non
1522 2020 1779 2085 suspecta
1833 2006 2078 2082 habere,
2124 2012 2227 2070 sed

234 2075 514 2153 explicare
549 2081 808 2153 tantum3
855 2099 985 2158 quae
1023 2079 1278 2164 profecto
1300 2125 1317 2158 ,
1355 2083 1400 2140 si
1434 2103 1565 2140 sana
1602 2098 1810 2154 essent,
1851 2086 2226 2166 explicatione

235 2170 352 2213 non
389 2169 634 2233 egerent.
681 2154 1034 2233 Enimvero,
1077 2158 1379 2231 indignum
1417 2157 1636 2216 Ovidio
1684 2159 1942 2220 ducimus
1982 2164 2223 2241 dixisse,
2287 2167 2288 2172 ’

235 2227 457 2310 tempus
476 2248 532 2292 et
552 2247 895 2293 vetustatem
924 2234 1114 2292 omnia
1147 2230 1413 2293 dentibus
1444 2237 1552 2292 aevi
1589 2233 1892 2296 destruere.
1928 2241 2045 2300 Sed
2079 2246 2224 2320 quid

231 2308 545 2385 scripserit,
604 2323 804 2387 praeter
861 2307 1228 2387 Sprengelem
1247 2351 1266 2385 ,
1319 2330 1487 2369 nemo
1542 2311 1705 2371 facile
1725 2354 1744 2386 ,
1791 2333 1849 2376 se
1913 2322 2177 2396 reperisse
2197 2364 2218 2398 ,
2297 2323 2300 2326 ’

232 2382 484 2444 Εάοηῑοιτ
515 2385 922 2460 pronuntiabit.
955 2386 1043 2446 Ne
1076 2400 1262 2446 tamen
1302 2388 1440 2447 nihil
1476 2389 1797 2451 adferamus
1829 2413 1846 2452 ε
1883 2396 2058 2475 possis
2093 2420 2222 2459 sus-

227 2460 407 2537 picari
443 2459 622 2520 dente
657 2459 762 2518 sub
800 2480 978 2541 oequo
998 2487 1024 2540 ‚-
1056 2484 1190 2525 nam
1221 2481 1281 2527 et
1310 2468 1648 2546 singularis,
1692 2471 1846 2550 quod
1887 2488 2037 2534 recte
2075 2480 2223 2537 criti·

232 2556 336 2597 cus
385 2537 827 2616 animadvertit,
884 2542 1133 2604 usitatius
1184 2545 1239 2604 in
1276 2567 1336 2606 re
1371 2548 1534 2608 simili
1570 2590 1588 2623 ‚
1626 2563 1683 2607 et
1732 2550 1839 2609 sub
1881 2554 2059 2613 dente
2089 2560 2221 2628 satis

230 2614 497 2675 defendet
559 2615 933 2695 virgilianum
988 2637 1307 2684 tremerent
1355 2627 1467 2686 sub
1527 2628 1799 2688 dentibus
1859 2644 2027 2692 artus
2079 2637 2221 2715 (ubi

231 2690 468 2771 perinde
508 2696 762 2756 nonnihil
792 2696 1029 2761 offendit
1071 2703 1391 2781 praecedens
1430 2706 1775 2783 membra),·
1817 2729 1991 2787 oequo
2028 2728 2221 2775 autem

231 2770 305 2830 ad
338 2792 559 2833 sensum
597 2773 763 2850 plane
803 2795 906 2837 con
952 2801 1119 2843 ruens
1157 2781 1398 2856 diceres,
1436 2797 1765 2862 comparato
1802 2785 2020 2854 Horatii
2056 2812 2221 2852 mors
2301 2849 2306 2856 ,

231 2867 408 2928 ecquo
439 2851 651 2932 pulsat
675 2857 826 2931 pede
846 2878 870 2929 ‚-
947 2862 1151 2938 enique
1190 2879 1312 2920 rare
1350 2880 1646 2922 occurrens
1694 2865 1960 2924 vocabuli
2002 2868 2217 2947 signifi·

229 2929 379 2988 catio
411 2927 699 2991 hominem
717 2934 916 3013 fugere
947 2958 1150 3013 parum
1169 2941 1287 3000 sive
1310 2941 1554 3017 peritum
1572 2941 1692 3000 sive
1714 2954 1988 3003 attentum
2012 2950 2224 3026 potuit,

232 3017 291 3063 et
343 3007 637 3084 vulgarem
685 3011 1147 3093 significationem
1192 3017 1350 3077 vides
1381 3039 1413 3076 a
1453 3020 1719 3096 sententia
1762 3034 1941 3098 poetae
1994 3036 2218 3101 prorsus

235 3082 552 3171 abhorrere.
587 3088 735 3163 Sed,
774 3110 899 3170 quo,
933 3098 1110 3174 magis
1148 3097 1564 3175 desperandum
1605 3111 1800 3179 putes,
1844 3103 2013 3179 possis
2044 3106 2218 3169 etiam

233 3163 503 3239 conjicere
529 3168 890 3248 vitianteque
917 3175 1092 3235 dente
1112 3176 1324 3236 subc-sa
1355 3175 1473 3252 (cf.
1512 3179 1600 3238 XI
1620 3220 1638 3253 ‚
1678 3178 1789 3258 783
1809 3219 1827 3253 ,
1866 3201 1898 3239 e
1928 3184 2208 3265 scopulo,

233 3257 407 3315 quem
449 3260 637 3303 rauca
673 3248 990 3310 subederat
1033 3253 1258 3331 unda).
1305 3256 1483 3333 Quod
1527 3270 1713 3316 tamen
1759 3258 1946 3319 minus
1993 3263 2210 3341 placet,

234 3328 302 3380 ut
345 3330 438 3376 ote
462 3358 480 3391 ,
512 3339 741 3398 propter
783 3329 1098 3407 praecedens
1129 3336 1326 3409 edax,
1353 3336 1558 3415 pariter
1598 3337 1928 3414 repetitione
1957 3345 2215 3403 nonnihil

230 3414 268 3453 o
314 3394 535 3455 audens.
590 3399 750 3462 Adde
797 3407 957 3484 quod
998 3411 1352 3492 participium
1388 3413 1502 3471 'vix
1549 3428 1648 3472 ant
1688 3434 1812 3474 raro
1852 3436 2209 3499 usurpatum.

226 3511 233 3520 ·
305 3474 652 3568 ·XV,<311·‚
684 3480 972 3563 (Spreng.
1001 3508 1058 3567 p.
1101 3490 1259 3570 107.)
1301 3493 1525 3558 criticus
1561 3491 1840 3570 emendat-
1862 3497 2209 3573 admocum,·

210 3549 463 3627 «demde,
481 3570 680 3615 mento
700 3564 1091 3634 reprehensam
1111 3569 1557 3629 emendationem
1579 3571 1789 3630 fatetur
1805 3591 1835 3629 a
1864 3576 1981 3632 viro
2004 3575 2209 3649 doctor,

132 3683 137 3686 -
190 3650 341 3704 «8838,
371 3634 521 3692 enim
566 3631 930 3714 hypallagen.
979 3646 1155 3721 Quod
1195 3668 1268 3706 an
1306 3650 1418 3724 sit,
1456 3664 1544 3721 et,
1586 3670 1654 3708 an
1708 3651 2047 3729 hypallagen
2098 3653 2209 3710 hac

227 3713 515 3800 occasione
559 3730 708 3775 recte
745 3716 1023 3781 definierit
1064 3726 1375 3803 Sprengel‚
1418 3728 1585 3786 mitto
1624 3731 1678 3786 in
1723 3749 1919 3788 uit-ere.
1961 3730 2080 3788 Nos
2130 3729 2207 3790 ad

223 3787 378 3851 illam
415 3790 661 3870 figuram
704 3815 871 3877 supra
902 3799 958 3860 in
993 3803 1304 3863 distentum
1340 3807 1613 3882 cruribus
1646 3832 1683 3866 u
1722 3828 1790 3865 er
1827 3808 2206 3886 recurrimus,

225 3878 284 3924 et
325 3869 470 3929 infra
520 3868 773 3950 ejusdem
821 3896 930 3959 ope
992 3882 1281 3960 vulgatam
1326 3882 1640 3944 ‘lectionem
1699 3897 1895 3942 contra
1930 3886 2206 3952 ,criticum

226 3946 528 4029 tuebimur.
567 3951 754 4013 Locus
801 3956 860 4015 in
893 3955 1210 4038 Gierigiana
1251 3959 1496 4021 editione
1539 3964 1615 4023 sic
1637 3965 1848 4040 legitur
1888 3984 1903 4021 ε
