2742 4509
1395 230 1631 318 (48)

518 359 684 405 causa
719 337 791 399 sit
809 357 960 414 ‚cur
987 355 1018 397 a
1045 337 1279 418 vulgata
1313 340 1578 401 codicum
1615 332 1850 402 lectione
1867 337 2504 429 'abeamusss‘tfiyualem

521 423 721 501 utique
758 439 827 477 eo
870 418 1058 478 verius
1091 432 1293 497 reputo
1315 461 1333 497 ‚
1379 424 1649 501 quoniam
1684 422 1918 501 quidam
1954 423 2178 485 codices
2214 430 2499 507 equalem.
2562 440 2565 442 ’

517 502 588 564 In
615 498 822 559 caeteris
861 511 953 556 est
974 518 1207 577 preme,
1251 499 1555 558 obscurum
1592 519 1723 559 sane
1742 541 1760 573 ‚
1797 521 1889 560 me
1925 501 2230 581 suadente,
2270 511 2501 588 accipies

510 601 624 664 pro
655 593 738 639 est
774 597 1098 657 respuente,
1142 576 1233 636 vel
1271 596 1440 656 poena
1484 578 1682 655 digna3
1738 592 1803 639 ut
1829 581 1896 650 sit
1939 602 1955 640 ε
1997 583 2229 664 indigna
2261 605 2498 664 res‘est,

512 677 776 738 rumpere
807 654 1014 727 fidem,
1060 656 1190 718 >licet
1221 674 1386 726 servo
1428 669 1652 717 tantum
1689 671 1826 718 teste
1850 701 1867 733 ‚
1898 679 2070 741 quem
2106 663 2196 723 lex
2225 661 2286 721 in
2324 664 2500 727 domi-

510 758 657 802 num
701 735 1081 796 testimonium
1130 734 1312 794 dicere
1360 749 1535 795 vetat.
1576 735 1691 796 Sed
1741 735 1886 798 forte
1930 754 2187 817 praestat,
2212 738 2215 741 ’
2238 762 2313 802 ne
2357 743 2498 823 juris

510 832 613 881 aut
654 816 884 896 peritior
919 815 987 873 sit
1028 813 1235 892 puella,
1274 827 1374 873 aut
1405 816 1595 894 inepte
1627 834 1885 893 memor,
1924 819 2246 895 simplicitet·
2284 822 2498 883 intelli-
2543 849 2550 856 „

509 918 641 978 gere
679 918 695 956 ε
726 909 893 972 turpe
926 905 1008 951 est
1033 891 1208 951 fldem
1234 912 1495 966 rumpere
1530 894 1626 952 vel
1668 914 1829 953 servo
1868 910 2043 971 teste3
2086 901 2496 977 quem‘testem

508 978 695 1037 minus
731 986 995 1033 vereatur
1033 985 1196 1051 turpe
1253 971 1393 1050 quid
1435 970 1682 1046 faciens}
1726 992 1901 1053 quam
1940 976 2243 1054 ingenuum
2273 980 2493 1039 ‹homi-

502 1067 655 1117 nem.
706 1053 966 1132 Denique
1026 1069 1131 1130 pro
1174 1050 1403 1130 jurabo
1465 1052 1807 1114 verissimam
1851 1052 2044 1132 judico
2106 1054 2318 1116 Heinsii
2349 1077 2496 1118 con·-

501 1133 778 1215 jecturam
812 1134 1049 1212 jurato.

709 1299 900 1361 Nous
940 1321 1002 1361 m
1040 1307 1294 1359 carnut
1333 1318 1572 1362 canusa
1612 1318 1704 1358 ne·
1727 1297 1890 1361 donn
1931 1301 2274 1365 Beaemces.

476 1535 483 1544 Ι
583 1465 958 1548 Deperditum
977 1463 1305 1526 Callimachi
1345 1464 1420 1524 de
1458 1484 1621 1525 coma
1642 1466 1932 1529 Berenices
1957 1488 2181 1530 carmen
2203 1492 2237 1530 a
2259 1472 2484 1532 Catullo

492 1543 652 1621 fide,
687 1560 777 1619 et,
809 1561 1084 1628 quantum
1121 1543 1242 1604 fieri
1320 1544 1466 1603 otuit
1489 1586 1508 1618 ‚
1543 1546 1619 1606 ad
1662 1547 1903 1607 verbum
1955 1566 2070 1607 csse
2114 1569 2435 1631 expressum
2461 1592 2482 1626 ‚

498 1639 800 1703 utramque
854 1626 1103 1702 linguam
1155 1636 1211 1683 et
1304 1623 1563 1682 ictionem
1620 1627 1897 1705 poeticam
1948 1625 2177 1697 callens,
2219 1629 2481 1706 quamvis

496 1706 914 1780 comparatione
950 1720 1084 1761 cum
1115 1702 1431 1780 archetypo
1481 1723 1703 1779 prorsus
1743 1720 1973 1782 negata,
2030 1704 2189 1765 haud
2240 1704 2478 1764 obscure

393 1791 399 1835 ἶ
496 1780 784 1861 intelliget.
818 1788 1093 1861 ¹Arguunt
1133 1781 1278 1854 hoc,
1332 1798 1460 1859 quae
1514 1784 1714 1858 passim
1754 1785 1956 1862 reperis
1992 1783 2173 1862 'graeca
2212 1784 2478 1843 adcurate

494 1864 542 1922 si
560 1881 689 1921 ‚non
722 1862 884 1920 anx-ie
919 1859 1197 1937 sequentis
1236 1857 1438 1917 indicia
1464 1900 1483 1932 ,
1524 1860 1781 1920 conantis
1822 1864 2313 1923 simillimumnon
2348 1882 2490 1923 sen·-¹

494 1940 676 2002 tentiis
701 1941 878 2017 magis
913 1958 1087 2019 quam
1112 1936 1374 1998 ¹dictione
1415 1938 1715 2017 verbisque
1759 1943 2044 2001 exhibere.
2088 1943 2238 2002 Hinc
2269 1943 2479 2001 mirum

490 2039 606 2081 non
660 2033 779 2091 est,
838 2019 880 2076 si
925 2037 1038 2077 non
1062 2015 1253 2075 ⁴modo
1309 2014 1538 2076 facilitas
1594 2018 1941 2099 quandoque
1999 2031 2055 2092 et
2112 2039 2475 2079 numerorum
2549 2057 2555 2074 .

491 2111 754 2158 venustas
790 2095 987 2156 desint.
1007 2138 1026 2171 ,
1048 2094 1148 2155 sed
1184 2095 1322 2154 binis
1343 2096 1475 2154 locis
1506 2115 1570 2154 ea
1591 2097 1688 2169 sit,
1709 2099 2135 2157 constructionis
2167 2098 2484 2175 insolentia,

489 2178 830 2252 obscuritas,
889 2196 1016 2257 quae
1053 2188 1525 2234 commentatores
1548 2220 1566 2251 ‚
1617 2197 1730 2235 non
1770 2175 2157 2260 animadversa
2193 2176 2472 2237 ‘difficul-

491 2258 617 2319 tatis
640 2275 837 2329 causa‚
871 2254 1291 2336 supervacaneis
1329 2253 1666 2332 conjecturis
1714 2254 1948 2315 mirifice
1991 2256 2298 2316 vexaverit.
2334 2257 2471 2332 Quo

425 2386 428 2389 ,
485 2335 683 2415 mgis«
706 2354 893 2414 operae
930 2334 1179 2414 pretium
1235 2347 1471 2413 reputo,
1516 2351 1580 2392 ea
1621 2333 1719 2395 hic
1761 2334 2016 2407 adferre,
2061 2336 2301 2415 quibus,
2340 2354 2472 2394 casu

486 2414 560 2474 ad
603 2412 829 2473 illorum
882 2414 1138 2472 locorum
1195 2411 1712 2491 interpretationem
1755 2414 2012 2488 uinctus,
2075 2415 2275 2475 videor
2330 2411 2473 2473 mihi

457 2510 460 2516 ’
528 2512 645 2552 osse
692 2504 996 2568 utrumque
1048 2491 1123 2550 ab
1161 2492 1314 2550 omni
1370 2495 1428 2550 in
1467 2504 1762 2569 posterum
1802 2495 2113 2571 suspicione
2162 2492 2463 2554 vindicare.

481 2513 551 2633 fn
582 2570 775 2651 priore
807 2570 940 2628 loco
987 2569 1091 2645 (v.
1135 2569 1280 2651 75.)
1313 2590 1330 2629 ε
1577 2607 1583 2614 -

609 2695 732 2754 Non
775 2695 856 2749 his
893 2708 1000 2751 tam
1037 2696 1181 2753 laetor
1209 2698 1363 2752 rebus
1383 2735 1402 2766 ‚
1448 2715 1602 2769 quam
1642 2714 1724 2749 me
1759 2696 1938 2749 abfore
1977 2703 2204 2766 semper,

680 2765 870 2818 Absor-e
909 2783 992 2818 me
1025 2782 1053 2817 a
1103 2766 1322 2820 dominae
1357 2769 1552 2820 vertice
1584 2764 1867 2821 discrucior
1909 2779 1925 2817 t

610 2830 842 2902 Quicum
873 2851 969 2905 ego
985 2871 1005 2901 ‚
1039 2831 1164 2886 dum
1199 2837 1344 2902 virgo
1388 2832 1646 2902 quondam
1682 2831 1808 2899 fuit,
1843 2830 2080 2883 omnibus
2121 2844 2298 2900 expers

676 2899 992 2974 Unguentis,
1042 2919 1145 2953 una
1181 2900 1340 2982 millia
1382 2898 1543 2951 multa
1572 2898 1705 2980 hihi3
1749 2899 1760 2910 ’

472 3024 611 3073 nota
657 3001 960 3088 doctissimi
996 3013 1283 3091 Doeringii
1322 3032 1338 3070 :
1379 3012 1584 3071 vitium
1630 3009 1791 3074 haud
1826 3007 2000 3069 dubie
2045 3007 2180 3071 latet
2226 3013 2284 3071 in
2323 3016 2463 3074 voce‘

462 3087 690 3170 »expers
710 3137 726 3165 ‚
809 3097 940 3153 'nam
969 3094 1124 3151 varie
1156 3090 1275 3169 jam
1314 3101 1604 3149 tentarunt
1627 3092 1959 3169 interpretes
1981 3131 1999 3163 ,
2028 3101 2132 3148 etc.
2171 3092 2464 3170 Ipsecon-

471 3169 593 3249 jicit
654 3111 903 3247 expiens
919 3212 938 3244 ‚
996 3169 1210 3246 passive
1262 3167 1655 3243 accipiendum
1716 3182 1782 3227 ut
1833 3170 1906 3228 sit
1929 3190 2013 3228 ase
2068 3169 2319 3246 explens
2369 3169 2458 3230 vel

473 3248 736 3326 expleta.
781 3248 1042 3326 Longum
1092 3245 1238 3304 foret
1257 3285 1277 3318 2
1322 3245 1463 3323 quid
1503 3246 1691 3306 caeteri
1735 3248 2106 3327 conjecerim,
2150 3249 2456 3326 adponere.

473 3326 579 3388 Tu.
617 3346 791 3399 vero,
825 3348 895 3386 ne
922 3323 1184 3392 dubites,
1226 3342 1456 3382 omnem
1497 3323 1891 3390 difficultatem
1930 3348 1963 3385 a
2008 3331 2456 3404 constructione,

469 3404 544 3466 ad
596 3405 774 3485 quam
837 3421 1003 3463 nemo
1044 3399 1363 3479 confugits
1395 3402 1671 3482 pendere,
1721 3424 1989 3484 compara
2031 3427 2260 3468 versum
2319 3407 2387 3467 18
2434 3427 2452 3465 ε

470 3483 646 3564 Non,
687 3487 774 3543 ita
813 3504 904 3542 me
941 3482 1094 3554 divi,
1122 3500 1276 3541 vera
1312 3496 1557 3561 gemunt
1577 3528 1593 3557 ,
1630 3489 1879 3563 inerint.
1911 3486 2089 3547 Hunc
2129 3486 2458 3565 interpretes

468 3559 770 3623 emendare
802 3560 1033 3641 quidem
1071 3560 1433 3636 laboravere3
1460 3561 1555 3621 sed
1587 3583 1767 3644 quum
1803 3566 1965 3625 nimis
1990 3567 2283 3647 perspicua
2314 3575 2456 3621 esset

469 3640 738 3701 sententia
758 3682 777 3713 2,
814 3639 1075 3701 codicum
1103 3642 1403 3701 auctoritas
1428 3682 1446 3714 ,
1475 3656 1631 3722 certe
1652 3642 1806 3723 apud
1843 3644 2216 3723 Doeringium
2236 3685 2253 3713 ‚
2295 3658 2454 3717 proe-

468 3719 671 3780 valuit.
718 3720 894 3781 Vides
933 3722 1206 3801 juert’nt,
1257 3721 1632 3800 antiquiorem
1688 3742 1792 3800 pro
1823 3726 2092 3802 juverint
2143 3735 2243 3780 aut
2279 3719 2455 3778 rarius

468 3814 858 3866 occurrentem
890 3798 1160 3872 formam,
1196 3819 1309 3858 esse
1343 3796 1696 3877 jungendum
1727 3820 1863 3862 cum
1894 3822 2013 3862 non
2049 3804 2137 3858 ita
2173 3819 2265 3857 me
2294 3795 2455 3872 divi,-

469 3895 666 3936 seusus
700 3879 850 3939 enim
881 3898 898 3937 t
933 3878 1063 3938 Non
1084 3898 1235 3938 ·vera
1267 3891 1538 3957 gemunt,
1576 3881 1654 3940 ita
1689 3899 1782 3939 me
1809 3880 1928 3938 divi
1960 3877 2243 3957 juverint,
2288 3877 2369 3957 (i.
2399 3896 2449 3936 e.

377 3983 380 3987 ‡
444 3952 705 4029 uherole,
745 3978 864 4019 non
915 3975 1053 4020 vera
1110 3957 1440 4039 gamunu)
1492 3958 1845 4022 usitatissima
1908 3955 2216 4028 locutione·
2270 3954 2452 4033 Simili

1427 4153 1440 4182 Ι
