2742 4509
1370 224 1609 313 (η)

509 337 612 401 nbi
655 331 1023 417 ponantur,)
1067 332 1128 395 in
1172 332 1356 396 insula
1407 336 1524 395 Coa
1576 334 1741 415 longe
1774 334 1918 397 infra
1959 333 2191 410 Pitanen
2245 333 2350 398 sita*
2380 350 2482 400 est.

510 421 706 493 Quare
726 431 893 496 poeta
911 427 1012 475 aut
1027 413 1254 493 ignarus
1279 414 1534 474 locorum
1554 458 1574 491 ,
1595 428 1698 475 aut
1724 416 1975 496 ineptus,
1999 417 2215 494 quippe
2244 438 2277 478 a
2296 416 2485 477 medio

507 495 634 555 loco
654 536 672 567 ,
706 515 822 555 non
857 516 891 555 a
929 494 1307 572 superioribus
1347 494 1627 574 incipiens.
1673 493 1790 554 Sed
1821 509 2090 555 neutrum
2134 494 2296 556 facile
2332 514 2484 555 con-

508 572 830 634 cedendum
867 573 924 634 in
941 585 1107 653 poeta
1144 576 1526 655 geographiae,
1554 593 1655 632 sua
1690 585 1838 654 certe
1875 586 2035 634 aetate
2057 615 2075 650 ,
2117 575 2481 653 peritissimo,

509 665 568 711 et
601 652 831 712 minime
867 653 1075 729 inepto.
1118 651 1306 730 Igitur
1342 653 1508 722 series
1542 651 1807 711 orationis
1844 667 1901 712 et
1933 653 2227 726 locorum,
2276 653 2322 714 si
2358 648 2484 713 fieri

510 742 694 811 potest
710 730 826 806 ,ita
847 732 954 791 erit
971 727 1361 807 distinguenda
1375 775 1393 806 ,
1417 743 1482 791 ut
1501 744 1732 810 poetam
1755 751 1857 791 nec
1888 734 2144 812 ignarum
2176 750 2282 792 nec
2303 731 2490 810 inep-

510 823 639 869 tum
668 808 956 870 faciamus.
998 807 1072 867 Id
1099 819 1292 868 autem
1329 823 1391 869 et
1420 808 1554 867 alias
1595 809 2039 872 commodissime
2058 853 2073 881 ,
2114 824 2175 870 et
2217 809 2333 870 sine
2361 807 2487 870 ulla

442 888 449 892 ’
504 886 926 948 vocabulorum
970 884 1287 947 mutatione
1323 886 1449 947 fieri
1482 898 1672 962 potest
1709 887 1765 946 in
1800 889 1958 949 hunc
1998 886 2253 948 modum.

590 966 806 1044 Finge,
844 964 1107 1024 Medeam
1147 982 1181 1021 e
1220 962 1731 1038 Thessalia,.unde
1762 967 2047 1048 profugit,
2087 981 2238 1028 recta
2264 963 2342 1026 ad
2366 985 2489 1047 op·-

512 1046 756 1138 positam
793 1039 1033 1102 AEoliam
1089 1041 1352 1117 tendere3
1410 1056 1536 1102 tum
1582 1040 1730 1102 infra
1771 1042 2008 1106 Pitanen
2044 1058 2101 1106 et
2142 1043 2367 1106 Lesbon
2412 1041 2492 1124 ad

510 1121 773 1183 m'feriora
810 1121 974 1180 maris
1010 1117 1182 1197 AEgaei
1209 1119 1562 1198 descendere.
1585 1116 1683 1178 Sic
1714 1140 1851 1182 vere
1886 1123 2120 1186 Pitanen
2145 1135 2205 1184 et
2228 1122 2452 1183 tesbon
2469 1160 2496 1198 ,

511 1216 579 1261 et
617 1198 902 1278 superiora
940 1197 1028 1257 his
1062 1198 1186 1256 loca
1218 1198 1296 1258 ad
1322 1199 1523 1260 laevam
1557 1197 1860 1279 relinquit,
1907 1223 2094 1283 neque
2129 1201 2327 1263 transit
2343 1240 2363 1277 ,
2398 1198 2493 1259 in-

514 1278 718 1358 feriora
759 1289 950 1336 autem
983 1274 1058 1335 ad
1089 1274 1388 1339 Telchinas
1419 1295 1600 1356 usque
1618 1317 1638 1351 ,
1676 1292 1736 1338 et
1756 1319 1776 1353 ,
1813 1298 1984 1340 cursu
2019 1282 2077 1340 in
2121 1279 2500 1342 Occidentem

517 1376 792 1415 converso
811 1395 830 1430 ,
884 1353 1057 1415 Ceam
1091 1353 1211 1416 sive
1252 1356 1410 1418 Ceon
1465 1351 1679 1416 transit.
1727 1356 2019 1438 Relinquit
2054 1359 2231 1436 igitur
2273 1379 2309 1419 a
2351 1357 2498 1418 laeva

517 1435 786 1508 Pitanen,
822 1433 1047 1494 Lesbon
1067 1476 1084 1505 ,
1122 1447 1212 1510 et,
1270 1435 1430 1516 quod
1464 1455 1635 1514 supra
1670 1434 1903 1498 Pitanen
1922 1478 1942 1512 ,
1985 1436 2206 1498 Idoeum
2253 1454 2453 1497 nemus
2478 1477 2499 1509 ,

518 1513 621 1575 ubi
646 1513 816 1574 Liber
832 1512 1137 1591 juvencum
1161 1514 1427 1575 occuluit.
1452 1512 1584 1574 Jam
1599 1553 1616 1581 ,
1641 1514 1688 1574 si
1709 1516 2007 1595 quaerimus
2026 1557 2044 1591 ,
2068 1529 2258 1576 utrum
2285 1513 2501 1592 pariter

520 1615 554 1653 a
587 1593 727 1652 laeva
757 1593 1067 1669 relinquat,
1095 1610 1216 1667 qua
1256 1608 1439 1672 pater
1462 1591 1723 1672 Corythi
1754 1613 1947 1655 arena
1989 1592 2338 1662 tumulatur,
2366 1589 2384 1644 i
2395 1635 2403 1640 .
2441 1608 2496 1647 e.

519 1670 811 1731 tumulum
832 1667 1040 1727 Paridis
1056 1710 1078 1744 ,
1117 1682 1275 1747 patet
1294 1713 1312 1746 ,
1337 1673 1456 1731 hoc
1481 1669 1611 1731 fieri
1642 1672 1743 1730 vix
1761 1691 1920 1749 posse
1936 1712 1954 1744 ,
1978 1670 2081 1729 nisi
2119 1686 2226 1747 pro
2254 1683 2496 1744 quaque

466 1799 474 1808 .
520 1749 745 1829 legatur
792 1766 1059 1825 quoque,
1086 1760 1151 1807 ut
1183 1750 1438 1812 tumulus
1463 1749 1614 1811 sitin
1641 1747 1794 1811 Idaeo
1829 1765 2088 1823 nemore,
2119 1750 2308 1826 sicque
2328 1762 2499 1823 supra

461 1889 465 1894 ,
520 1828 770 1888 Pitanen.
794 1824 1106 1902 Quomodo
1128 1826 1279 1887 enim
1301 1829 1672 1911 probabiliter
1693 1827 1842 1887 dices
1862 1826 2169 1908 relinquit,
2187 1833 2310 1905 qua
2325 1829 2504 1905 pater

518 1924 714 1988 parva
746 1903 1068 1965 tumulatus
1090 1924 1279 1967 arena
1292 1951 1311 1985 ,
1346 1927 1455 1987 pro
1476 1908 1764 1987 relinquit
1785 1927 2041 1986 parvam
2067 1924 2316 1967 arenam
2329 1944 2348 1975 ,
2385 1917 2508 1977 qua

519 2000 700 2066 pater
727 1980 1103 2043 tumulatus?
1124 1984 1446 2061 Fateberis,
1465 2000 1695 2066 poetam
1712 1986 1791 2043 sic
1811 1986 2133 2065 loquentem
2166 1983 2281 2041 sine
2310 1998 2508 2041 necea·-

524 2066 686 2124 sitate
719 2062 927 2122 durum
955 2061 1374 2148 obscurumque
1405 2067 1541 2127 fore.
1577 2067 1669 2125 De
1702 2062 1915 2121 Paridis
1943 2081 2114 2142 porro
2149 2059 2373 2119 tumulo
2408 2055 2506 2117 di-

525 2161 747 2202 versam
798 2140 1007 2202 famam
1045 2143 1212 2203 fuisse
1258 2146 1512 2208 crederes
1552 2165 1572 2220 ς
1614 2159 1744 2203 nam
1786 2140 2047 2219 Quintus·
2080 2139 2405 2216 Smyrnaeus
2445 2136 2507 2192 in

528 2221 756 2284 Troade
776 2263 796 2297 ,
832 2220 1040 2286 Strabo
1090 2223 1146 2283 in
1196 2222 1472 2286 Cebrenia
1509 2223 1796 2303 sepultum
1838 2217 2044 2293 tradit,
2079 2236 2253 2297 quam
2289 2212 2505 2305 Scy-laox

528 2300 760 2363 AEolidis
783 2301 930 2368 facit.
961 2304 1154 2377 Quare
1175 2303 1375 2364 idonea
1398 2324 1566 2364 causa
1586 2324 1705 2363 non
1722 2315 1840 2376 est,
1857 2319 1960 2361 cur
1982 2295 2270 2359 tumulum
2288 2288 2506 2354 Paridis

529 2383 676 2439 inter
715 2382 836 2439 loca
871 2377 944 2437 ad
989 2382 1191 2438 laevam
1226 2384 1419 2442 relicta
1459 2400 1771 2459 ponamus,
1811 2381 1912 2439 nisi
1951 2389 2166 2440 constet
2207 2369 2515 2456 legendum

528 2477 647 2517 esse
682 2475 920 2534 quoque
962 2475 1068 2530 pro
1110 2471 1359 2534 quaque.
1405 2458 1677 2534 Sequitur
1711 2456 1858 2522 adeo
1892 2476 2129 2532 quaque
2163 2448 2517 2528 jungendum

530 2554 645 2594 esse
692 2551 825 2591 cum
873 2531 1050 2600 verbo
1109 2538 1366 2606 transit,
1412 2546 1478 2589 ut
1512 2531 1618 2601 sit,
1668 2548 1908 2606 quaque
1948 2545 2133 2604 pater
2181 2520 2514 2582 tumulatus

455 2665 461 2673 .
532 2627 725 2675 arena
738 2652 754 2680 ‚
783 2610 1035 2683 transit,
1060 2627 1189 2692 quae
1211 2609 1533 2689 co'njunctio
1552 2624 1782 2687 prorsus
1801 2603 1876 2663 ad
1898 2600 2289 2682 grammatices
2311 2599 2514 2676 legem.

610 2687 908 2748 Proximus
941 2686 1099 2749 locus
1128 2705 1210 2751 est
1240 2711 1389 2772 quos
1408 2688 1613 2751 Moera
1646 2686 1864 2746 terruit
1901 2700 2091 2761 agros
2108 2721 2126 2753 ,
2162 2676 2321 2758 quod
2356 2676 2517 2736 salva

532 2767 898 2848 grammatica
938 2769 1134 2849 ntique
1157 2771 1350 2832 referri
1386 2781 1571 2850 posset
1613 2763 1689 2825 ad
1720 2762 2055 2840 relinquit,·
2091 2758 2161 2852 ,εἷ’
2195 2752 2516 2851 praecedens

532 2867 726 2909 arena
742 2846 816 2906 ad
842 2863 1071 2923 nemus,
1093 2849 1185 2908 vel
1208 2849 1407 2910 eodem
1438 2846 1743 2918 reseratur,
1778 2840 1837 2900 id
1860 2837 2014 2919 qnod
2047 2836 2289 2897 diximus
2314 2832 2516 2894 idonee

533 2926 657 2988 fieri
694 2946 810 2986 non
833 2945 1011 3004 posse.
1039 2926 1188 2985 Nam
1209 2926 1567 2988 manifestum
1595 2936 1713 2995 est,
1742 2922 1785 2981 si
1806 2926 2107 3001 jungamus
2133 2933 2366 2995 quaque
2383 2928 2518 2971 cum

535 3009 789 3078 transit,
816 3006 984 3065 etiam
1019 3023 1207 3080 agros
1228 3024 1360 3065 cum
1392 3002 1595 3063 eodem
1635 3000 1814 3061 verbo
1849 2994 2212 3086 jungendum·
2237 3011 2369 3051 esse.
2400 2990 2519 3048 Cur

533 3102 728 3145 autem
765 3091 953 3160 agros
985 3084 1130 3141 inter
1163 3085 1288 3144 loca
1328 3083 1555 3143 transita
1576 3123 1594 3157 ,
1623 3101 1736 3140 non
1780 3078 1852 3138 ad
1880 3078 2077 3135 laevam
2113 3073 2304 3132 relicta
2338 3088 2526 3161 pona-

534 3182 665 3222 mus
688 3204 705 3232 ,
739 3161 844 3217 alia
878 3161 1069 3237 gravis
1109 3175 1195 3220 est
1231 3181 1418 3222 causa.
1449 3159 1692 3238 Reperio
1719 3160 1868 3218 enim
1892 3153 2049 3233 apud
2084 3151 2427 3212 Strabonem
2461 3166 2522 3205 m

533 3241 760 3309 littore,
811 3236 969 3314 quod
1014 3241 1208 3299 transit
1244 3236 1489 3314 Medea,
1530 3240 1723 3298 locum
1773 3234 2122 3315 adpellatum
2180 3229 2524 3308 Cynossema

447 3335 452 3342 ·
535 3320 570 3394 (
589 3318 624 3374 i.
669 3336 718 3375 e.
776 3317 1213 3378 m‘onumentum
1243 3319 1440 3399 canis)
1478 3336 1725 3395 eumque
1771 3332 1950 3392 prope
1990 3309 2230 3372 insulam
2270 3307 2313 3367 S
2421 3324 2527 3379 en,

535 3395 629 3454 cni
667 3393 743 3453 ad
777 3389 1147 3455 Occidentem
1189 3396 1308 3459 fere
1341 3397 1522 3458 insula
1558 3397 1708 3470 00³3
1740 3392 1895 3454 unde
1922 3391 2116 3464 vides,
2153 3388 2267 3448 hoe
2328 3401 2529 3477 ‘ynes-

535 3491 686 3533 sema
725 3471 1012 3531 diversum
1051 3494 1165 3536 esse
1204 3477 1279 3537 ab
1314 3495 1384 3534 eo
1404 3517 1424 3551 ,
1474 3472 1633 3553 quod
1674 3488 1758 3535 est
1802 3473 1860 3530 in
1900 3466 2252 3548 Hellesponti
2303 3463 2530 3533 littore,

538 3552 612 3612 ab
642 3549 882 3612 Hecuba
935 3571 1138 3612 nomen
1183 3555 1417 3615 habens.
1456 3551 1607 3613 Illud
1649 3551 1826 3631 igitur
1886 3547 2229 3630 Cynossema
2252 3554 2525 3619 ,parum

536 3645 738 3692 notum
757 3673 776 3707 ,
814 3640 1015 3707 utpote
1043 3635 1258 3693 minore
1287 3633 1437 3693 fama
1455 3674 1473 3704 ,
1502 3650 1675 3712 quam
1703 3628 1960 3691 Hecubae
1995 3630 2466 3709 monumentum,
2496 3634 2532 3708 ⁸.

536 3709 730 3787 puella
771 3711 830 3769 in
891 3727 1090 3769 canem
1129 3724 1350 3772 mutata
1396 3729 1605 3771 nomen
1670 3706 1897 3769 traxisse
1991 3725 2104 3765 non
2148 3716 2356 3790 temere
2387 3694 2533 3754 1111111

448 3823 452 3829 ι
539 3787 737 3849 videor
759 3788 1057 3880 suspicari,
1082 3807 1212 3869 quae
1250 3788 1439 3868 puella
1472 3789 1566 3849 hic
1599 3783 1779 3850 Maera
1803 3830 1819 3859 ,
1854 3787 1972 3846 sive
2006 3796 2189 3852 recte,
2226 3794 2349 3869 stye·
2384 3792 2531 3832 00¹·-

537 3871 711 3944 r'upto
755 3888 790 3927 a
825 3865 1057 3928 librariis
1101 3868 1382 3929 vocabulo
1424 3866 1756 3947 adpellatur.
1799 3866 1887 3926 Ut
1925 3862 2100 3943 igitur
2166 3852 2416 3920 ondms
2455 3849 2532 3909 de

539 3944 775 4010 Hecuba
819 3944 962 4007 dixit
997 3961 1282 4010 externas
1325 3946 1560 4010 latratu
1589 3948 1805 4008 terruit
1843 3959 2036 4007 auras
2071 3941 2270 4019 (¹111,
2317 3927 2451 4011 4⁰6·
2470 3929 2533 4010 >2
