2742 4509
1092 230 1336 319 (η)

214 340 348 416 dii,
381 352 438 401 et
481 339 670 402 levem
711 340 1085 402 mutationem
1128 346 1293 403 unius
1330 340 1599 405 codicum
1637 343 1927 417 lectionis,
1960 356 2018 403 et
2058 363 2209 425 qnos

218 422 387 482 facile
435 422 492 479 in
538 419 642 500 q'ui
682 434 950 481 mutasset
1000 421 1260 482 librarius
1279 464 1298 496 ,
1345 422 1442 484 sic-
1480 424 1642 482 citius
1702 423 2013 500 intelligens
2070 423 2209 502 quid

217 502 397 560 vellet
431 514 615 577 poeta.
637 497 812 560 Vides
836 513 985 560 certe
1002 547 1020 577 ,
1041 501 1361 561 recentibus
1396 502 1553 561 sertis
1581 502 1700 579 pios
1721 501 1988 580 conjuges
2002 502 2211 562 eolen-
2243 544 2249 552 -

218 593 338 640 tem
351 619 368 646 ,
393 598 534 659 quos
554 598 750 638 curam
771 578 874 639 diis
894 600 1008 640 esse
1029 594 1084 642 et
1104 601 1139 640 a
1159 580 1260 639 diis
1280 579 1492 655 cultos,
1508 581 1848 640 miraculum
1870 581 2175 639 testabatur
2190 617 2212 655 ,

215 659 300 719 nil
339 658 524 736 aptius
557 657 649 720 ad.
672 677 794 718 rem
826 658 1009 720 dicere
1045 659 1289 741 potuisse
1310 700 1329 733 ,
1367 677 1545 738 quam
1583 660 1908 720 hominibus
1946 657 2215 720 colendos

216 757 338 799 esse
372 756 503 806 eos,
539 738 639 817 qui
679 758 814 798 cura
856 736 1032 799 deum
1062 740 1171 799 sint
1195 780 1214 812 .,
1255 749 1313 796 et
1343 757 1487 814 quos
1519 735 1598 796 dii
1627 738 1924 816 coluerint.
2192 769 2199 777 ·

299 816 391 876 lx
409 856 430 891 ‚
477 814 555 876 33
575 859 592 892 ‚
639 818 920 896 (Spreng.
955 837 1014 897 p.
1055 815 1202 893 33.)
1250 814 1480 880 criticus
1518 815 1659 876 nihil
1695 836 1830 877 esse·
1848 815 1983 877 dicit
2023 830 2214 876 varas

224 915 428 957 manus
443 918 470 971 ς
509 910 740 975 poetam
774 897 1048 977 scripsisse
1075 914 1271 955 varus
1292 939 1309 968 ,
1350 909 1417 955 ut
1456 895 1528 955 sit
1608 925 1611 932 ’

347 1012 661 1090 Brachiaqne
695 1020 946 1091 opposui,
976 1019 1221 1090 tenuique
1249 1035 1280 1069 a
1318 1029 1531 1089 pectore
1550 1057 1568 1087 ‚
1610 1036 1759 1075 varus

354 1086 420 1140 In
456 1088 707 1155 statione,
746 1105 959 1154 manus,
1002 1099 1106 1144 etc.

222 1200 343 1265 Sed
374 1201 492 1260 hoc
515 1201 653 1262 nihil
687 1216 786 1262 est.
807 1204 894 1263 Ne
929 1202 1188 1274 dubites,
1215 1200 1409 1261 confer
1451 1201 1651 1275 Statii,
1689 1203 1745 1262 in
1787 1191 1981 1284 pugna
2019 1205 2218 1287 Tydei

227 1295 293 1341 et
333 1278 550 1360 Agyllei
570 1323 590 1351 ‚
646 1282 743 1354 ubi
797 1282 1080 1341 Ovidium
1122 1279 1419 1341 manifesto
1454 1269 1709 1342 imitatur
1730 1315 1761 1356 ‚·
1796 1284 2048 1346 brachia
2091 1286 2219 1346 late

229 1377 391 1421 vara
410 1373 642 1433 tenent,·
680 1380 851 1438 quem
877 1374 1037 1450 putes
1057 1360 1306 1421 brachia
1327 1359 1529 1417 dixisse
1547 1399 1565 1430 ,
1605 1373 1670 1422 ut
1692 1361 1866 1422 simile
1891 1362 2219 1439 Ovidiano3

226 1460 342 1499 non
372 1437 522 1497 idem
543 1438 769 1499 diceret.
793 1440 879 1500 Ut
902 1453 1094 1499 autem
1129 1458 1355 1518 prorsus
1375 1437 1613 1514 τεχνικὰ
1651 1459 1766 1499 esse
1788 1441 2060 1518 intelligas
2088 1463 2221 1505 vara

223 1518 458 1578 brachia
477 1559 495 1589 ‚
533 1519 605 1579 cf.
629 1519 798 1576 etiam
826 1518 996 1577 Mart.
1031 1539 1122 1579 vu
1145 1559 1162 1591 ‚
1201 1517 1270 1575 31
1300 1558 1319 1592 ,
1358 1538 1430 1598 9,
1465 1537 1625 1578 vara
1662 1539 1769 1577 nec
1799 1522 2015 1597 injecto
2044 1543 2223 1581 cero-

223 1611 378 1658 mate
418 1597 669 1657 brachia
695 1598 917 1672 tendi-5,
945 1596 1042 1656 ubi
1079 1593 1315 1676 quidam
1352 1598 1609 1676 legerunt
1640 1616 1808 1657 rara.
1838 1600 1966 1657 Hoc
1988 1612 2180 1660 tenens
2198 1643 2218 1675 ‚
2259 1645 2260 1652 κ

223 1696 411 1756 neque
457 1676 517 1734 in
558 1665 725 1737 vers'u
752 1677 846 1756 37.
882 1676 1250 1755 Sprengelem
1283 1676 1517 1752 audies,
1554 1677 1653 1755 qui
1688 1688 1992 1755 postquam
2038 1679 2180 1738 vidit
2188 1721 2222 1772 Ἰ,

226 1755 511 1828 Ovidium
531 1756 815 1834 'scripsisse
854 1775 1044 1816 varus
1064 1798 1081 1830 ,
1120 1757 1288 1814 etiam
1326 1753 1517 1829 vidit,
1555 1775 1671 1813 non
1715 1774 1899 1815 crura
1937 1760 2226 1818 micantia

223 1853 360 1895 eum
401 1832 704 1909 scripsisse,
739 1835 834 1894 sed
873 1839 1060 1894 crum
1101 1832 1333 1896 hiantia
1373 1834 1518 1913 (die
1554 1832 1894 1914 klaffenden
1950 1836 2174 1913 Beine)
2197 1857 2224 1911 ,-

225 1913 463 1972 alteram
492 1915 697 1972 scilicet
747 1913 922 1971 altera
976 1912 1374 1971 emendatione
1436 1910 1757 1972 confirmari
1778 1917 1806 1986 ‚⁴
1840 1926 1898 1971 et
1957 1914 2031 1974 ad
2089 1931 2224 1974 eum

228 1989 730 2051 verisimilitudinis
776 1992 1019 2069 gradum
1095 1990 1214 2051 tolli
1251 2034 1270 2068 ,
1335 2011 1507 2071 quem
1566 2014 1600 2051 a
1655 2011 1791 2051 vero
1856 1983 1954 2050 'vix
2010 1992 2226 2052 discer-

225 2090 361 2128 nere
417 2087 609 2151 queas.
645 2077 734 2129 At*
763 2071 911 2129 enim
946 2070 1180 2130 hiantia
1202 2113 1220 2146 ‚
1273 2069 1463 2128 hiatus
1499 2070 1680 2143 gratia
1723 2070 2024 2129 inductum
2048 2114 2067 2147 ,
2110 2091 2226 2130 non

225 2148 415 2207 minus
474 2163 687 2208 vanum
707 2190 725 2223 ‚
778 2167 954 2228 quam
996 2167 1204 2207 varus.
1260 2145 1470 2202 Confer
1512 2145 1682 2203 Statii
1738 2146 2013 2222 collaque
2063 2170 2228 2226 pec-

226 2240 482 2302 tor-aque
523 2242 580 2285 et
615 2231 879 2285 vitantia
935 2240 1122 2280 crura
1164 2221 1442 2291 lacessit,
1492 2221 1591 2280 ubi
1638 2239 1752 2277 non
1797 2222 2004 2295 mirer,
2055 2226 2229 2283 fuisse

223 2317 409 2379 atque
461 2307 763 2362 micantia.
807 2300 1130 2369 Caeterum,
1167 2297 1275 2375 (ut
1310 2298 1734 2357 similitudinem
1771 2301 1968 2375 utique
2003 2316 2236 2377 agnos-‘-

226 2382 404 2455 cas,)
432 2389 743 2455 pugnantes
776 2394 939 2434 crure
975 2374 1222 2434 micante
1242 2377 1363 2436 sive
1388 2374 1611 2456 trepido
1646 2387 1810 2434 motu
1829 2418 1846 2450 ,
1872 2376 2048 2436 modo
2077 2379 2226 2438 emi-

227 2467 398 2526 nente
455 2472 604 2531 genu
628 2494 647 2529 ,
707 2450 882 2512 modo
934 2448 1173 2512 reducto
1204 2494 1224 2530 ,
1278 2473 1381 2535 per
1436 2458 1585 2515 vices
1648 2457 1857 2542 instant
1885 2496 1903 2529 ‚
1962 2456 2228 2517 vitamve
2327 2522 2331 2526 ¹

223 2527 606 2591 lacessentem.
646 2532 841 2591 Vocis'
874 2533 1098 2592 micare
1150 2532 1299 2592 hanc
1343 2533 1466 2594 vim
1524 2538 1805 2613 usumque
1864 2553 1978 2596 esse
2000 2577 2021 2613 ‚
2088 2551 2225 2597 nota

225 2611 487 2687 exempla
516 2622 783 2687 arguunt.

176 2746 181 2750 ,
302 2686 396 2748 1x
413 2728 431 2762 ‚
453 2684 529 2768 74
546 2728 566 2761 ‚
603 2684 887 2769 (Spreng.
915 2709 976 2786 p.
1010 2686 1105 2767 43.
1122 2684 1465 2782 )·Sprengeli
1484 2692 1666 2772 liquet
1686 2705 1918 2774 poetam
1936 2694 2218 2778 scripsisse

226 2786 350 2827 ussi
384 2782 690 2846 testamque
720 2787 948 2846 peremi
966 2808 984 2843 ,
1017 2781 1083 2829 ut
1119 2782 1192 2830 stt

423 2894 851 2967 Crescentemque
885 2894 1021 2948 malo
1058 2897 1164 2949 ussi
1202 2908 1471 2966 ustamque
1497 2896 1714 2976 peremi.

220 3010 510 3072 Insulsum
550 3012 840 3074 hominem
897 3008 1239 3088 (Pedant)
1280 3012 1359 3070 ob
1402 3010 1686 3091 duplicem
1728 3010 1948 3071 hiatum
1991 3029 2223 3075 versum

204 3092 558 3173 corrupisse.
616 3088 734 3151 Sed
792 3091 943 3165 hoc,
990 3089 1059 3148 ad
1115 3109 1339 3149 sensum
1410 3090 1645 3168 quidem
1696 3110 1814 3170 non
1873 3089 2186 3152 absurdum
2207 3134 2227 3167 ‚

226 3184 422 3231 tamen
448 3172 584 3234 nihil
610 3185 713 3231 est.
731 3169 1042 3248 Nunquam
1073 3170 1226 3229 enim
1248 3167 1496 3244 Ovidius
1519 3170 1685 3230 talem
1707 3189 1940 3229 versum
1970 3170 2189 3233 fecisset
2216 3216 2234 3247 ,

222 3264 291 3311 et
344 3251 389 3310 si
448 3247 700 3324 fecisset,
748 3249 873 3325 quis
925 3247 1218 3324 crederet,
1281 3260 1402 3306 tam
1454 3246 1687 3308 diversae
1749 3248 2001 3307 lectionis
2056 3271 2227 3313 omne

158 3395 167 3406 ἱ
220 3329 529 3409 vestigium
567 3330 623 3388 in
657 3326 944 3389 codicibus
966 3324 1283 3387 interiisse?
1318 3326 1481 3400 Quid
1508 3342 1698 3387 autem
1734 3329 2052 3407 scripserit,
2090 3347 2227 3394 cum

225 3406 579 3486 aliquamdiu
611 3406 1023 3484 desperandum
1057 3405 1427 3485 judicassem,
1460 3424 1599 3465 vero
1631 3405 1809 3465 simile
1839 3404 2042 3467 videor
2079 3410 2226 3472 mihi

224 3487 513 3565 reperisse.
560 3484 791 3544 Codices
835 3485 952 3545 duo
997 3486 1216 3546 habent
1252 3487 1512 3562 peremi,
1563 3484 1750 3542 caeteri
1792 3486 2018 3563 ‚subegi
2031 3526 2050 3560 ‚
2108 3507 2228 3545 re·-

216 3568 458 3644 pressi,
494 3561 751 3641 reliqui,
780 3568 1059 3639 revinxi,
1097 3566 1330 3625 reduxi.
1369 3559 1463 3622 Ex
1510 3563 1600 3622 his
1638 3563 1848 3642 subegi
1890 3577 1945 3623 et
1965 3567 2195 3642 peremi
2203 3606 2225 3637 ‚

226 3643 335 3703 vix
377 3642 617 3702 dubium
638 3684 654 3712 ‚
693 3641 833 3720 quin
857 3657 1137 3721 corruptae
1162 3640 1389 3703 lectioni
1421 3643 1532 3704 sint
1557 3642 1897 3715 substituta,
1932 3656 1996 3700 ut
2034 3661 2226 3706 sensus

222 3720 427 3800 aliquis
462 3720 806 3795 haberetur3
852 3725 1111 3800 quamvis
1149 3719 1557 3802 ineptissimum
1598 3723 1668 3780 sit
1709 3722 1917 3798 subegi
1929 3743 1952 3794 ‚-
1990 3738 2123 3779 nam
2154 3722 2216 3781 in

227 3799 459 3879 reliquis
490 3821 678 3859 sensus
706 3799 892 3859 nullus
917 3812 1034 3875 est,
1101 3820 1233 3860 uem
1251 3800 1398 3860 feras
1416 3841 1433 3873 ‚
1467 3800 1595 3859 licet
1625 3802 1681 3860 in
1713 3802 1890 3877 prima
1915 3798 2133 3877 syllaba
2156 3821 2224 3860 re

230 3877 561 3957 congruant.
596 3878 874 3957 Repressi
912 3893 969 3938 et
993 3898 1058 3939 re
1086 3882 1215 3956 iqui
1236 3892 1471 3957 prorsus
1512 3874 1850 3950 ridiculum3
1873 3877 2092 3938 reduxi
2125 3893 2227 3959 aut

231 3961 472 4020 revinxi
496 3979 596 4019 cur
620 3957 837 4023 dictum
857 3957 960 4037 sit,
992 3958 1135 4023 ratio
1169 3976 1286 4021 non
1323 3956 1588 4037 suppetit.
1610 3963 1877 4019 Attamen
1910 3968 2225 4040 utrumque

1853 4032 1892 4095 3
