2742 4509
1091 191 1327 283 (ει-)

369 333 440 383 At
472 341 529 381 tu
565 345 673 380 non
714 326 896 379 orbum
930 321 1060 380 luxti
1097 328 1293 381 deserta
1331 327 1546 397 cubile,

435 395 544 449 Sed
581 396 749 448 fratris
786 395 891 446 cari
926 394 1095 447 flebile
1127 395 1435 462 discidium,

367 460 545 531 Quum
617 464 782 515 euitus
815 474 1031 514 moestas
1071 462 1243 515 exedit
1278 480 1397 515 cura
1437 460 1706 518 medullas.

431 529 510 584 Ut
528 483 637 583 ‘tibi
671 543 796 581 tunc
834 542 945 582 toto
982 542 1188 600 pectore
1219 529 1452 584 sollicitae

369 595 616 650 Sensibus
652 598 839 667 ereptis
877 614 1020 649 mens
1054 596 1279 650 excidit!

239 721 383 797 Quae
418 735 597 799 quum
633 731 809 778 essent
830 760 845 789 ,
870 739 963 779 me
1001 718 1222 798 judice,
1264 721 1544 782 sanissima
1566 761 1583 794 ‚
1616 718 1814 782 maluit
1842 727 2025 779 tamen
2054 717 2206 777 Vos·
2273 759 2280 766 ,

243 801 354 858 sius
377 814 437 873 et
482 813 546 857 tu
569 818 720 857 vero
759 798 1010 872 orbum5
1050 800 1382 879 Deeringius
1419 813 1606 859 eutem
1640 798 1843 867 suadet
1872 810 1939 867 ut¹
1963 808 2025 856 tu
2050 815 2207 857 nunc

236 877 440 937 orbum
465 919 481 947 ,
511 876 813 954 idemque,
862 891 921 937 ut
959 878 1176 956 egregie
1218 878 1579 938 emendatum
1610 900 1639 935 a
1682 875 1974 951 Bentleio³‚
2014 875 2206 934 iaudat

233 974 405 1035 quam
433 974 535 1034 pro
575 976 782 1033 quum,
821 955 1160 1034 damnatque
1197 959 1317 1015 sed.
1346 957 1595 1034 Peperit,
1636 939 1843 1048 inquit,
1883 953 2035 1014 huuc
2073 954 2206 1013 lec-

233 1033 439 1093 tionem
492 1034 685 1093 vitiosa
731 1034 894 1094 lectio
941 1054 1132 1093 versus
1186 1038 1411 1113 majoris
1461 1035 1865 1114 etc.‚·Dentque
1908 1051 2014 1112 pro
2065 1045 2205 1092 tunc
2249 1049 2252 1054 ‘
2303 1073 2306 1076 η

229 1110 492 1191 praefert,
550 1110 710 1201 quod
741 1113 799 1171 in
844 1111 1186 1193 quibusdam
1234 1114 1558 1187 codicibus,
1606 1133 1778 1184 nunc.
1824 1113 1920 1179 Tu
1969 1125 2202 1187 autem,

124 1229 139 1241 .
229 1186 595 1267 praecedentia
640 1210 914 1268 jungens,
952 1191 1084 1251 vide
1120 1214 1190 1252 an
1236 1194 1591 1252 temerarium
1625 1192 1785 1252 nimis
1818 1193 1886 1251 sit
1923 1203 2159 1249 ‘mutare
2183 1229 2204 1265 ,

231 1285 393 1345 quae,
431 1269 686 1346 quamvis
709 1283 765 1327 et
804 1269 961 1330 aliter
980 1270 1120 1329 bene
1154 1270 1258 1330 dici
1292 1273 1655 1348 potuerint‚e
1686 1269 1948 1331 codicum
1966 1269 2212 1333 lectione,

232 1358 365 1421 apte
402 1344 546 1405 dicta
586 1347 953 1409 inveniantur.
1001 1350 1206 1409 Sensus
1251 1351 1406 1408 enim
1445 1365 1525 1407 est
1564 1371 1579 1408 ε
1616 1346 1712 1422 id,
1761 1350 2010 1428 (scilicet
2032 1390 2048 1418 ,
2091 1367 2206 1412 nou

229 1441 342 1482 esse
398 1423 528 1483 odio
558 1425 836 1485 Venerem
887 1428 1046 1485 novis
1101 1425 1370 1502 nuptis,)
1433 1446 1523 1485 me
1587 1427 1772 1502 regina
1834 1445 1958 1484 mea
2011 1425 2252 1485 docuit-

226 1499 420 1561 multis
502 1504 727 1578 uerelis,
754 1524 933 1585 quum
970 1507 1058 1563 vir
1098 1504 1216 1584 ejus
1251 1505 1514 1584 idemque
1539 1505 1712 1565 frater
1745 1504 1952 1578 proelia
1989 1503 2201 1564 invisit.

225 1580 305 1638 At
350 1593 413 1641 tu
457 1522 584 1660 t{sic
636 1583 915 1662 ingeniose
953 1583 1111 1642 addit
1159 1601 1358 1656 coma,
1410 1586 1567 1664 quasi
1610 1602 1666 1640 se
1704 1580 2028 1659 corrigens)
2089 1600 2203 1666 npn
2245 1602 2252 1610 ·

225 1654 515 1736 conjugis,
555 1660 653 1718 sed
707 1661 889 1722 fratris
925 1662 1257 1733 discidium,
1297 1682 1407 1720 non
1454 1662 1653 1737 gaudia
1696 1659 1822 1719 lecti
1851 1663 2159 1728 interrupta
2183 1699 2201 1732 ,

115 1791 165 1818 ,ί
218 1733 321 1795 sed
362 1736 473 1796 cari
521 1736 703 1797 fratris
743 1740 1050 1799 absentiam
1083 1740 1302 1815 luxisti,
1357 1760 1542 1818 quum
1585 1759 1720 1798 cura
1778 1739 1876 1798 tibi
1933 1737 2202 1797 medullas

225 1813 410 1872 exedit
453 1815 668 1894 (frater
706 1818 910 1876 scilicet
941 1837 1105 1877 causa
1146 1818 1283 1876 tanti
1322 1814 1595 1896 doloris).
1635 1815 1718 1876 Ut
1753 1817 1850 1877 tibi
1888 1832 2021 1876 tunc
2046 1835 2203 1874 mens

225 1891 465 1953 excidit!
502 1893 660 1969 Quid
690 1897 784 1957 hic
818 1893 963 1955 adeo
997 1896 1284 1976 displicet,
1311 1906 1378 1954 ut
1424 1910 1643 1956 textum
1676 1896 1932 1975 pluribus
1967 1896 2203 1954 vocibus

224 1969 564 2031 mutandum
595 1973 922 2034 existimes?
972 1979 1091 2035 Aut
1129 1974 1268 2052 quid
1316 1975 1547 2036 tandem
1582 1975 1922 2054 Doeriugius
1966 1972 2203 2052 profecit

224 2046 414 2130 lo‘cum
456 2051 532 2111 sic
568 2052 866 2113 emendans
903 2067 964 2112 et
1004 2052 1345 2130 distinguens
1382 2074 1399 2111 ε
1569 2075 1574 2082 ·

356 2183 437 2238 Ut
474 2196 530 2235 tu
559 2199 697 2236 nunc
734 2185 915 2236 orbum
951 2182 1081 2235 luxti
1114 2182 1315 2233 deserta
1359 2182 1566 2248 cubile,

421 2251 489 2302 Et
520 2251 692 2302 fratris
729 2253 832 2301 cari
863 2247 1034 2301 flebile
1077 2246 1374 2300 discidium.

355 2315 529 2384 Quam
603 2316 771 2368 cuitus
806 2326 1026 2366 moestas
1064 2313 1236 2366 exedit
1279 2332 1399 2367 cura
1435 2312 1686 2368 medullas
1718 2332 1735 2368 t

421 2380 501 2435 Ut
534 2383 574 2432 ti
613 2382 629 2431 i
663 2399 800 2432 nunc
838 2392 951 2432 toto
990 2393 1197 2449 pectore
1235 2381 1466 2435 sollicitoe

354 2445 604 2500 Sensibus
631 2447 820 2517 ereptis
857 2461 1003 2500 mens
1041 2447 1263 2501 excidit!

221 2571 463 2648 Quae,·(
482 2586 544 2631 ut
569 2571 800 2631 mittam
829 2592 984 2633 nunc
1018 2573 1074 2633 in
1115 2588 1318 2654 quarto
1351 2590 1410 2636 et
1455 2575 1637 2652 primo
1680 2594 1844 2634 versu
1878 2574 2040 2654 juxta
2072 2574 2200 2635 dis-

218 2652 494 2733 plicens,)
522 2649 677 2709 vides
697 2695 710 2721 ,
736 2652 792 2710 in
820 2661 1031 2730 quanta
1071 2652 1406 2713 emendandi
1443 2654 1664 2730 licentia
1690 2672 1864 2730 quam
1894 2654 2039 2711 male
2064 2673 2197 2713 cum

217 2730 664 2811 praecedentibus
704 2732 1038 2789 cohaereant.
1096 2731 1214 2793 ‘sed
1257 2733 1457 2792 eadem
1501 2733 1713 2809 optima
1749 2751 1863 2790 esse
1920 2730 2200 2810 fingamus

217 2821 278 2866 et
307 2821 494 2868 nostra
520 2809 975 2888 interpretatione
1011 2812 1416 2869 sententiarum
1435 2830 1605 2869 ⁴nexu
1632 2822 1690 2869 et
1726 2807 1972 2868 dictione
1993 2850 2010 2877 ,
2040 2809 2206 2888 quod'

217 2885 449 2944 minime
490 2899 620 2947 sunt
643 2929 661 2961 ,
702 2888 1019 2946 venustiora
1052 2907 1067 2946 τ
1104 2909 1174 2947 an
1210 2887 1337 2947 ideo
1377 2887 1706 2969 conjecturis
1742 2885 2198 2966 indulgebimus,

219 2976 525 3040 antequam
553 2966 910 3025 manifestum
940 2966 1047 3036 sit,
1084 2986 1117 3025 e
1148 2966 1411 3027 codicum
1446 2966 1773 3026 lectionibus
1796 2985 2022 3026 sensum
2049 2986 2199 3043 pro-

218 3038 466 3132 babilem
516 3041 756 3102 obtineri
796 3063 907 3102 non
951 3043 1155 3124 posse?
1199 3045 1432 3105 Minime
1454 3090 1469 3117 ‚
1516 3044 1617 3108 nisi
1666 3062 1904 3104 acumen
1942 3046 2223 3103 nostrum‘

217 3129 406 3198 potius
450 3137 623 3197 quam
662 3134 848 3197 poetae
884 3123 1172 3202 ingenium
1215 3143 1572 3203 quaeramuss

297 3187 492 3256 Restat
517 3211 755 3277 quartus.
784 3198 934 3260 locus
968 3202 1027 3262 in
1063 3202 1305 3265 editione
1330 3204 1709 3283 Doeringiana
1742 3201 1821 3262 sic
1850 3217 2143 3281 expressus
2178 3220 2196 3260 z

252 3359 258 3366 ·
348 3327 503 3381 Nunc
537 3347 663 3410 vos,
702 3346 880 3404 optato
922 3353 1046 3415 quas
1071 3337 1247 3407 junxit
1283 3336 1479 3391 lumine
1510 3334 1641 3390 toedu
1664 3374 1684 3407 ,

414 3395 533 3448 Non
565 3415 704 3468 prius
737 3404 990 3458 unanimis
1026 3422 1238 3474 corpora
1272 3406 1425 3476 conju
1464 3405 1577 3457 ibus

351 3459 594 3531 Tradite,
626 3466 877 3543 nudantes
913 3469 1100 3523 re‘ecta
1132 3485 1273 3537 veste
1303 3423 1519 3543 papifias
1538 3509 1555 3537 ‚

414 3529 586 3600 Quum
622 3533 847 3602 jucunda
882 3539 951 3588 mi
990 3539 1007 3589 i
1044 3556 1251 3592 munera
1282 3537 1416 3591 libet
1453 3556 1608 3610 onyx.

98 3719 107 3730 ⁸
188 3654 354 3717 ‘Non
381 3657 527 3718 male
548 3702 564 3730 ‚
582 3658 624 3717 si
642 3659 720 3720 ita
739 3661 1032 3740 scripsisset
1053 3681 1239 3743 poeta.
1268 3657 1343 3725 At
1365 3666 1528 3726 nimis
1554 3678 1812 3745 apertum
1838 3677 1921 3723 est
1937 3703 1955 3739 ‚
1982 3664 2203 3738 locum,

215 3749 346 3794 ante
384 3757 497 3796 una
531 3735 676 3800 for'te
716 3759 855 3800 voce
885 3757 1221 3820 corruptum
1246 3786 1262 3812 ,
1308 3746 1385 3806 sic
1416 3766 1530 3805 esse
1575 3746 1954 3805 emendatum.
1983 3741 2195 3802 'Enim-

216 3830 356 3877 vero
377 3859 392 3887 ‚
432 3836 536 3895 pro
565 3823 739 3899 prius
777 3821 990 3881 codices
1029 3841 1223 3882 omnes
1259 3824 1679 3902 habentp0515
1714 3822 1916 3882 etrJos.
1946 3821 2195 3897 Scaliger

214 3909 289 3952 ex
320 3894 562 3976 antiquis
587 3896 870 3962 codicibus
889 3941 908 3977 ,
943 3900 1125 3982 inquit
1152 3902 1523 3984 Deeringius,
1564 3903 1758 3964 locum
1791 3901 1869 3963 sic
1904 3899 2147 3963 restituit
2167 3919 2188 3960 x
