2742 4509
1442 219 1530 287 24
1629 251 1636 260 .

508 322 687 398 φιτ-η’
707 370 725 399 ,
766 321 1008 392 dubium
1047 340 1163 384 non
1201 214 1541 406 esse‚(quin
1575 214 1664 390 'ea
1707 300 2135 410 significatione*
2168 316 2501 421 usnrpatum

503 408 612 481 sit3
633 407 920 465 bicornem
960 417 1150 463 autem
1187 402 1293 496 (nt
1329 405 1665 469 bimembris
1691 431 1796 488 pro
1824 419 2185 488 centaurus)
2208 433 2504 499 satyrum,

502 498 838 564 satyrosque
892 495 1042 541 recte
1104 484 1432 544 macilentos
1485 486 1595 548 dici
1619 534 1635 560 ‚
1682 504 1880 570 utpote
1933 494 2111 571 capris
2160 497 2343 559 forma
2381 521 2500 560 nou

501 563 794 630 absimiles.
839 564 991 637 Quae
1026 563 1070 621 si
1103 575 1308 621 cuncta
1342 567 1750 644 concedamus,
1793 590 1970 650 usqne
2014 586 2200 633 tamen
2245 577 2506 639 offendet·
2603 611 2612 618 -’

500 642 761 734 gracili}
802 661 934 700 nam
956 682 975 715 ‚
1021 639 1178 719 quod
1221 641 1349 733 alias
1396 660 1547 704 recte
1590 647 1844 724 dicatur,
1870 670 2089 710 necesse
2128 673 2246 714 non
2276 672 2360 717 est
2402 658 2498 717 hic

499 735 654 781 recte
697 720 917 780 dictum
958 740 1087 778 esse.
1138 719 1316 779 Possis
1367 723 1524 783 haud
1575 726 1818 787 absurde
1846 727 2118 807 conjicere
2149 739 2361 808 generi
2398 736 2495 796 vel

497 804 679 879 genti
706 800 942 865 bicorni
955 800 1186 877 ‚·fauno
1220 797 1456 860 bicorni
1481 804 1597 879 (sic
1638 808 1931 888 aliquoties
1963 825 2131 870 vocat
2162 812 2496 891 Ovidius),

499 878 668 972 Pnni
695 881 835 958 (qui
861 878 1033 956 vulgo
1054 894 1186 969 cum
1209 876 1412 938 Fauno
1434 882 1737 966 confusus)
1771 886 2039 961 bicorni,
2059 888 2260 950 eodem
2290 912 2452 952 seusu
2475 935 2493 963 ‚

498 958 737 1033 scilicet,
779 972 841 1015 ut
880 955 1077 1048 ‘IEsact
1107 968 1291 1015 mater
1328 962 1527 1038 satyris
1569 979 1809 1042 cognata
1856 967 2073 1025 dicatur
2095 1010 2114 1043 ,
2153 972 2308 1046 quod
2332 1016 2348 1045 ‚
2387 972 2494 1033 vix

499 1037 703 1097 dubito
729 1081 747 1111 ‚
795 1056 944 1127 quin·
981 1047 1154 1114 poeta
1189 1035 1456 1098 voluerit.
1505 1040 1654 1102 Nam
1690 1045 1734 1103 si
1782 1046 2027 1105 Granico
2050 1087 2067 1119 ,
2119 1061 2216 1106 aut
2257 1052 2488 1110 omnino

503 1136 675 1176 amne
731 1117 945 1175 bicorni
994 1126 1186 1173 natam
1243 1133 1380 1175 cum
1433 1126 1971 1183 commentatoribus
2014 1123 2293 1204 fingamus
2314 1171 2332 1205 ,
2376 1150 2493 1190 non

496 1196 717 1273 liquet,
737 1215 838 1254 cur
861 1193 1163 1253 Alexin-hoe
1187 1213 1396 1273 genere
1420 1197 1646 1260 inferior
1672 1202 1742 1260 sit
1772 1203 2011 1263 Hecuba
2035 1246 2052 1276 ‚
2072 1204 2190 1266 filia
2215 1207 2494 1287 Dyman-

501 1274 589 1333 tis.
608 1273 725 1336 Sed
752 1271 984 1332 videant
1018 1272 1108 1332 alii
1132 1318 1148 1345 ,
1173 1294 1245 1333 an
1282 1287 1340 1333 et
1359 1278 1652 1355 quomodo
1681 1281 2101 1343 emendandum
2121 1328 2139 1358 ,
2168 1308 2315 1347 anne
2337 1288 2496 1349 locus

497 1356 713 1430 integer
733 1365 791 1412 et
805 1354 1041 1412 obscura
1075 1353 1338 1413 vocabuli
1391 1356 1625 1417 bicorni
1658 1357 2061 1438 significatione
2086 1363 2493 1428 defendendus.

574 1432 735 1505 XII,
782 1429 935 1509 433,
981 1429 1266 1513 (Spreng.
1306 1453 1365 1512 p.
1392 1434 1538 1513 64.)
1572 1438 1797 1499 criticus
1831 1460 1943 1500 non
1985 1443 2133 1501 male
2171 1446 2307 1520 legit
2351 1446 2489 1506 loco

504 1511 798 1573 Oleniden
841 1511 952 1589 (ab
998 1511 1218 1589 Oleno,
1259 1514 1320 1574 X
1340 1556 1359 1589 ‚
1398 1514 1540 1595 69.)
1583 1538 1688 1595 pro
1723 1533 1983 1599 suspecto
2017 1520 2488 1584 Phonoleniden.

574 1592 728 1666 XII,
761 1589 914 1670 470,
946 1588 1227 1674 (Spreng.
1271 1612 1328 1670 p.
1365 1592 1509 1670 85.)
1550 1598 1775 1656 criticus
1812 1599 1959 1656 redit
1993 1597 2065 1655 ad
2106 1618 2343 1669 pravam
2365 1602 2488 1678 pie-

485 1684 677 1749 tatem
715 1682 772 1729 et
816 1669 1091 1742 verbum,
1145 1672 1239 1731 cui
1279 1683 1399 1727 tam
1444 1673 1646 1732 eximia
1687 1675 1990 1745 debemus,
2026 1673 2084 1728 in
2120 1672 2246 1730 loco
2284 1693 2302 1731 ε

518 1821 523 1825 ·
561 1798 637 1853 Et
675 1810 728 1851 te
743 1836 762 1864 ,
801 1797 942 1850 Caeni
959 1834 976 1864 ,
1012 1798 1214 1850 feram?
1242 1791 1375 1847 Nam
1414 1803 1473 1845 tu
1506 1791 1635 1844 mihi
1675 1792 1898 1845 foemina
1932 1809 2160 1864 semper,

520 1899 527 1906 -
560 1866 647 1918 Tu
677 1866 806 1918 mihi
849 1866 1012 1917 camis
1048 1865 1166 1918 eriz.

496 1987 617 2048 Ubi
668 1981 847 2044 codex
897 1978 1127 2059 quidam
1147 1977 1384 2059 firiam
1428 1989 1532 2053 pro
1550 1975 1788 2053 jeram.
1825 1978 1959 2039 Sine
2008 1979 2217 2056 dubio,
2262 1984 2481 2063 inquit,

503 2065 747 2126 Ovidius
783 2059 1001 2137 scripsit
1045 2056 1127 2118 Te
1146 2100 1161 2128 ‚
1194 2054 1396 2130 Caeni,
1415 2053 1686 2132 futuam.
1724 2056 1941 2131 Addit,
1968 2074 2260 2139 corruptas
2294 2061 2482 2122 lectio-

497 2167 596 2208 nes
624 2139 796 2203 malas
820 2151 952 2218 post
987 2156 1046 2196 se
1080 2134 1298 2193 trahere
1335 2133 1720 2194 translationes
1742 2178 1760 2209 ‚
1800 2137 2210 2211 reprehendens
2247 2141 2427 2200 Vossii
2460 2164 2478 2202 t

500 2227 621 2288 Dir
654 2217 846 2291 auch,
872 2216 1096 2286 Coenis,
1122 2212 1361 2292 begegn'
1384 2213 1481 2274 ich
1515 2218 1596 2274 im
1617 2213 1883 2295 Kampf?
1901 2235 2100 2293 rogans
2142 2237 2212 2277 ue
2231 2258 2252 2298 ,
2280 2222 2479 2299 quoin

500 2304 682 2364 lexico
695 2300 877 2391 ferre
913 2295 1172 2371 aliquem
1204 2293 1353 2354 hanc
1389 2290 1852 2376 significationem
1880 2294 2121 2357 habeat‘.
2168 2309 2276 2357 etc.
2311 2298 2483 2359 taedet

497 2383 649 2444 enim
691 2376 1041 2455 meptiarum.
1731 2419 1734 2426 ,
2294 2428 2302 2440 ¹
2490 2415 2495 2420 .

577 2458 728 2520 Xlll
751 2455 783 2529 ,'
820 2450 973 2532 293,
1022 2449 1294 2529 (Spreng.
1340 2470 1400 2529 p.
1436 2449 1589 2532 87.)
1641 2451 1867 2511 criticus
1907 2451 2171 2513 emendat
2213 2456 2481 2519 diversas

499 2536 701 2608 chelas
744 2552 847 2612 pro
890 2529 1269 2612 diversasque
1301 2530 1509 2606 urbeS,
1529 2542 1611 2588 'ut
1640 2532 1730 2589 sit.

442 2659 447 2662 ’
522 2641 541 2692 5·
564 2658 900 2729 Pleiadasque
937 2640 1244 2728 Hyadascjue
1283 2658 1664 2728 immunemque
1695 2657 1909 2728 aequoris
1949 2659 2142 2710 Arcton
2158 2695 2177 2725 .,

443 2729 447 2734 ’
561 2730 806 2816 Diversae
847 2725 1033 2814 (Jhelas
1047 2767 1063 2785 ,
1093 2724 1419 2824 nitiidumque
1458 2725 1671 2779 Orionis
1708 2743 1904 2778 ensem.

361 2925 369 2938 „
428 2879 431 2884 ·
499 2851 710 2913 Fateor
733 2865 839 2907 nec
861 2843 1164 2906 absurdam
1196 2863 1311 2905 esse
1333 2841 1784 2904 emendationem
1804 2884 1823 2916 ‚
1849 2855 1906 2901 et
1930 2842 2170 2902 hominis
2190 2840 2477 2920 laboriosi3

498 2931 682 2990 fateor
718 2927 923 3000 etiam,
962 2923 1133 2984 urbes
1176 2942 1288 2981 non
1331 2922 1506 2981 modo
1538 2923 1682 2981 inter
1720 2920 1898 2981 sidera
1917 2963 1942 2998 ‚‚
1973 2920 2072 2980 sed
2118 2924 2346 2981 omnino
2384 2924 2480 2982 hic
2565 2988 2578 2992 ,

497 3007 632 3070 ferri
661 3028 775 3067 non
802 3025 982 3085 posse.
1012 3002 1072 3062 Si
1101 3014 1355 3082 possent,
1384 3002 1626 3078 priorem
1665 3018 1893 3060 versum
1923 3002 2287 3079 posteriorem
2310 3001 2482 3060 face-

500 3106 660 3160 rem,
685 3108 755 3145 ue
775 3085 943 3146 urbes
966 3082 1111 3143 inter
1142 3078 1316 3138 sidera
1350 3093 1547 3140 essent.
1593 3080 1875 3138 Caeterum
1913 3080 2117 3138 minori
2165 3082 2481 3140 mutatione

500 3168 552 3228 le
593 3186 710 3238 eres
733 3167 1001 3229 diversas
1045 3182 1116 3220 ue
1133 3179 1329 3219 canes.
1351 3161 1500 3219 Nam
1524 3160 1681 3239 quod
1715 3158 1981 3236 Sprengel
2016 3160 2283 3218 diversas
2313 3160 2481 3219 refert

498 3187 591 3306 ac?
609 3246 828 3325 Scorpii
875 3258 933 3303 et
1031 3241 1180 3324 ancti
1218 3238 1449 3298 brachia
1500 3237 1717 3300 diverse
1755 3236 2002 3312 directa,
2040 3238 2176 3296 nihil
2217 3253 2341 3313 estz,
2379 3238 2479 3298 sed

498 3328 746 3386 diversas
787 3320 1171 3383 recte‘diceres
1209 3316 1440 3393 Chelas,
1470 3318 1603 3396 quia
1649 3316 1826 3376 sidera
1848 3318 1924 3374 sic
1949 3315 2229 3392 adpellata
2256 3316 2478 3376 diversa

498 3418 646 3467 sunt.
669 3405 844 3464 Possis
867 3403 1036 3460 etiam
1057 3397 1163 3457 alia
1187 3416 1302 3455 non
1338 3395 1580 3460 absurde
1608 3393 1882 3475 conjicere
1903 3441 1920 3468 ,
1956 3396 2110 3477 quod
2140 3397 2475 3475 plerumque

497 3483 870 3554 facillimum,
917 3480 1019 3540 ubi
1052 3477 1125 3538 de
1167 3494 1305 3537 vero
1364 3476 1797 3557 desperandum.
1844 3476 1999 3535 Audi
2041 3490 2268 3552 tamen,
2318 3474 2475 3556 quod

497 3585 616 3648 prae
644 3561 855 3623 'caeteris
894 3558 1093 3639 placet.
2031 3591 2036 3618 ς

574 3645 697 3707 Alia
738 3637 949 3713 sidera,
984 3655 1158 3717 quam
1206 3638 1463 3697 Homero
1500 3647 1811 3696 memorata
1832 3680 1847 3707 ,
1892 3631 2174 3696 Ovidium
2215 3632 2310 3692 hic
2354 3631 2478 3691 no·-

495 3725 770 3795 minasse.,
809 3739 875 3780 eo
913 3717 1099 3777 minus
1139 3718 1462 3792 crederem,
1503 3714 1661 3795 quod
1697 3734 1767 3775 ex
1803 3714 1939 3790 inis,
1970 3712 2100 3771 licet
2142 3731 2481 3789 properans,

496 3803 720 3864 nullum
759 3799 980 3871 omisit3
1021 3809 1079 3855 et
1116 3795 1418 3868 concedes,
1444 3799 1642 3874 opinor
1664 3837 1682 3870 ‚
1724 3793 2045 3855 temeritatis
2070 3788 2245 3849 simile
2276 3788 2477 3864 fuisset,

494 3882 609 3945 hoc
651 3885 773 3941 loco
810 3878 1134 3970 Homerum
1168 3897 1284 3937 non
1325 3874 1577 3953 religiose
1613 3875 1787 3953 sequi.
1845 3872 2155 3932 Enimvero
2175 3912 2194 3943 ,
2238 3870 2282 3927 si
2317 3868 2478 3948 quod

497 3958 651 4025 sidus
709 3955 1016 4022 addidisset
1066 3953 1317 4021 ovidius
1335 3996 1355 4032 ,
1409 3973 1596 4019 nonne
1649 3954 1830 4019 vereri
1891 3947 2139 4014 debebat
2161 3990 2180 4027 ‚
2225 3967 2296 4009 ne
2353 3947 2478 4044 quis
