2742 4509
1224 281 1258 369 (
1301 284 1380 354 4¹
1433 281 1465 367 )

351 415 530 481 quam
562 398 680 478 ipse
697 442 712 470 ,
750 395 922 455 altero
962 390 1091 453 loco
1129 393 1386 472 nondum
1431 405 1655 473 reperto
1674 435 1693 469 ‚
1729 392 1926 454 falsam
1960 411 2087 456 eam
2119 394 2336 457 lectio«

353 499 517 553 mm,
574 479 809 538 nimium
858 472 1237 552 displicente..
1286 491 1462 552 quam
1510 489 1732 532 comme
1773 487 1975 536 tatores
2022 473 2286 536 adferunt
2316 516 2338 550 ‚
2431 525 2436 532 .

353 557 806 635 interpretatione
829 594 848 628 ,
877 571 944 611 ac
986 570 1129 629 pene
1154 569 1482 627 persuasum
1523 551 1710 611 habeb
1744 571 1806 611 m
1824 596 1839 624 ,
1865 571 1959 611 me
2001 571 2203 614 verum
2236 554 2343 612 in—

355 636 609 711 venisse,
645 633 833 711 legens
878 650 893 689 :
937 634 1188 708 septima
1232 630 1362 707 (est
1400 628 1549 689 'enim
1586 630 1852 708 septima)
1900 630 2009 692 lua.-
2040 631 2138 699 (v.
2179 631 2345 711 nox)
2425 651 2436 662 ·

359 714 587 775 Martis
614 713 787 792 Joris
807 709 936 779 est',
977 710 1081 788 (ut
1112 730 1191 781 v,
1235 706 1350 788 725
1373 748 1392 782 ,
1427 711 1714 786 proxima
1753 709 2017 774 Vulcani
2057 710 2170 770 lux
2205 712 2344 788 es.)

359 805 605 853 sacrata
655 790 825 867 quod
882 785 990 848 illa
1034 801 1138 846 etc.
1185 786 1293 846 Pro
1349 791 1603 861 septima
1647 788 1917 865 scriptum
1960 786 2248 868 fingebam
2289 788 2346 849 in

359 869 550 931 codice
588 869 772 942 Vlla,
821 865 954 924 hinc
989 878 1189 925 natum
1241 885 1356 926 esse
1397 866 1541 936 Vna.
1591 866 1805 927 Coetera
1846 868 1924 926 sic
1954 868 2349 946 expedieram,

358 962 422 1008 ut
448 989 469 1023 ,
510 947 652 1027 qnid
697 945 815 1025 jam
857 942 1025 1023 objici
1076 943 1320 1024 speciose
1364 958 1588 1022 posset,
1642 964 1756 1004 non
1800 946 2116 1026 reperirem.
2168 947 2349 1025 Atqui

355 1045 505 1088 vana
560 1020 1071 1097 erat-emendati03
1117 1042 1306 1160 ‚neque
1351 1022 1470 1082 ullo
1514 1042 1677 1082 exem
1720 1023 1776 1083 lo
1812 1013 2011 1084 melitis
2049 1025 2350 1104 perspexi,

355 1124 534 1185 quam
553 1123 690 1164 vere
728 1100 1204 1184 praecipiatur‚ni
1251 1102 1289 1160 il
1330 1121 1442 1161 non
1469 1112 1662 1161 tentan
1708 1120 1806 1161 um
1844 1116 2147 1184 antequam
2186 1103 2349 1162 codi-

358 1203 495 1244 cum
532 1183 698 1251 lectio
721 1225 739 1258 ,
759 1180 861 1241 nisi
895 1194 1223 1258 corruptam
1262 1178 1549 1240 manifesta
1590 1181 1729 1240 ratio
1767 1196 1998 1259 arguat,
2027 1180 2347 1242 damnetur.

440 1261 558 1335 111,
607 1258 755 1342 753,
795 1260 1080 1338 (Spreng.
1115 1280 1170 1337 p.
1215 1256 1388 1337 πυ.)
1429 1260 1689 1332 criticus,
1740 1274 2046 1339 postquam
2073 1260 2355 1322 exclama·

355 1337 446 1399 vit
483 1360 498 1398 ε
530 1359 600 1399 an
634 1356 874 1419 usquam
911 1339 1150 1398 insanius
1181 1337 1501 1417 quidquam
1529 1338 1710 1396 hocce
1747 1340 2101 1400 crabronum
2136 1327 2322 1398 extitit
2338 1338 2366 1397 i*

361 1416 645 1484 Ovidium
682 1415 931 1478 decernit
980 1416 1256 1496 scripsisse
1297 1436 1434 1477 cum
1488 1420 1689 1494 dpium
1710 1456 1729 1492 ‚
1776 1428 1843 1474 ut
1877 1419 1946 1476 sit
1993 1416 2180 1476 millia
2217 1435 2352 1476 cum

359 1500 566 1578 apium
617 1510 847 1558 coeunt.
893 1494 1085 1554 Habes
1121 1495 1343 1554 hiatum
1380 1494 1439 1552 in
1474 1491 1655 1552 littera
1702 1512 1797 1568 m,
1836 1493 1910 1554 ad
1955 1513 2129 1574 quem
2169 1495 2355 1573 sepius

320 1572 529 1638 *consu
573 1574 674 1635 isse
722 1574 1092 1653 Sprengelem
1115 1612 1135 1644 ‚
1182 1573 1347 1633 nosti.
1420 1571 1775 1632 Crabronum
1827 1591 2003 1651 genus
2061 1571 2354 1651 quoddam

357 1652 510 1712 mclii
558 1671 719 1724 care,
752 1672 895 1730 puer
934 1649 1191 1727 credidi,
1237 1664 1297 1711 et
1339 1650 1552 1724 hodie,
1600 1650 1835 1730 opinor,
1879 1652 2044 1711 muiti
2093 1650 2352 1713 credunt.
2442 1689 2456 1702 κ

357 1731 521 1807 Quid
557 1745 747 1791 autem
780 1730 1017 1808 sapienti
1060 1727 1134 1790 de
1166 1749 1232 1789 ea
1267 1749 1326 1789 re
1351 1728 1754 1801 statuendum,
1792 1728 1849 1788 in
1879 1732 2170 1810 praesentia
2190 1748 2355 1808 quae-

357 1828 484 1869 rere
517 1829 630 1868 non
651 1808 828 1869 lubet.
851 1807 1031 1868 Possis
1054 1807 1285 1881 credere
1303 1853 1318 1880 ,
1349 1806 1631 1868 Ovidium
1658 1807 1715 1864 in
1742 1809 2109 1869 crabronibus
2132 1828 2319 1871 errare
2334 1850 2355 1882 ‚

283 1934 289 1942 .
360 1902 430 1948 ut
459 1900 677 1947 veteres
717 1891 774 1946 in
818 1887 1062 1945 formicis
1115 1905 1350 1960 errasse,
1382 1906 1536 1945 nunc
1585 1886 1829 1946 historiae
1881 1887 2146 1962 naturalis
2189 1889 2359 1967 periti
2393 1895 2398 1905 '

361 1964 678 2026 docuerunt
696 1989 714 2040 3
735 1969 909 2043 possis
942 1965 1111 2032 etiam
1139 1964 1443 2026 defendere
1464 1979 1720 2042 poetam,
1742 1963 1821 2025 fin
1860 1986 1956 2025 ens
1985 1986 2162 2046 apum
2188 1966 2358 2037 cellae

362 2064 397 2103 a
430 2043 795 2119 crabronibus
832 2041 1168 2124 occupatas3
1201 2046 1258 2103 in
1282 2045 1388 2104 has
1422 2043 1676 2107 Silenum
1702 2044 1808 2114 inci
1852 2047 1994 2118 isse3
2031 2046 2202 2124 'possis
2239 2045 2356 2105 de-

362 2122 537 2202 nique
574 2123 764 2183 multis
798 2121 1064 2203 praeterea
1099 2122 1283 2182 modis
1299 2121 1612 2179 'lectionem
1647 2122 1792 2177 tueri
1812 2161 1830 2193 ,
1864 2134 2167 2198 antequam
2202 2125 2359 2184 Ovi-

361 2199 524 2261 dium
554 2202 824 2280 scripsisse
849 2201 1148 2271 decernas,
1179 2217 1307 2275 quae
1325 2238 1343 2269 ,
1369 2196 1538 2268 sime
1563 2194 1722 2256 andis
1741 2238 1760 2270 ‚
1786 2217 2079 2276 nunquam
2110 2202 2356 2279 scripsit3

364 2280 583 2416 ῑαῗιειεί
622 2281 771 2346 banc
815 2277 1266 2356 emendationem
1301 2272 1504 2333 lubens
1546 2275 1692 2333 inter
1742 2273 1997 2360 meliores
2037 2277 2357 2358 Sprengelis

363 2376 427 2415 re
451 2375 567 2415 ero.
999 2375 1003 2402 τ

388 2483 404 2522 3
441 2435 538 2493 111
567 2475 587 2510 ‚
615 2430 731 2511 827
754 2475 771 2505 ‚
811 2429 1096 2513 (Spu-eng.
1137 2451 1199 2511 p.
1245 2415 1421 2505 123.)
1462 2429 1520 2490 in
1559 2430 1685 2492 loeo
1783 2413 1794 2438 ί

495 2570 607 2627 Vos
639 2586 875 2640 quoque..
907 2563 1131 2619 Phoebea
1165 2565 1373 2620 morbos
1474 2569 1493 2619 i
1525 2566 1720 2639 pellitis
1751 2579 1890 2637 arte,

563 2636 779 2689 Munera
823 2634 889 2687 de
924 2635 1110 2688 vestris
1144 2651 1306 2706 pauca
1343 2652 1398 2687 re
1421 2645 1533 2686 erte
1580 2634 1707 2691 dee.
1851 2639 1856 2658 ¹

500 2704 624 2759 Nec.
649 2722 742 2757 vos
784 2701 935 2756 turha
968 2701 1063 2753 feri
1101 2719 1260 2753 censu
1296 2700 1527 2752 fiandata
1562 2702 1793 2771 magistri

556 2769 806 2842 Spei-nite
842 2787 857 2821 ε
897 2766 1177 2838 discipulos
1210 2766 1427 2842 attrabit
1458 2766 1548 2820 illa
1578 2785 1760 2842 novos.

367 2894 591 2953 criticus
610 2933 630 2968 ‚
654 2894 711 2953 in
742 2893 928 2952 'tribus
980 2890 1268 2951 codicibus
1314 2891 1594 2967 reperiens
1642 2894 1818 2955 deam
1863 2910 1971 2970 pro
1988 2892 2164 2971 firi,
2220 2895 2355 2978 legit

366 2971 501 3032 Nec
539 2989 651 3029 vos
670 3010 690 3046 ‚
730 2971 909 3032 turba
942 2971 1075 3029 deoe
1095 3012 1114 3046 ‚
1152 2990 1334 3030 censu
1344 2971 1659 3050 fraudare
1678 3012 1698 3047 ‚
1731 2973 2042 3049 magistri,
2079 2981 2353 3051 spernite.

368 3047 700 3110 Ferendum
731 3090 748 3121 ‚
793 3052 837 3108 si
890 3060 1005 3109 non
1071 3041 1416 3127 praecederet
1477 3052 1626 3110 deoe.
1684 3050 1890 3131 Neque
1945 3052 2122 3130 magis
2171 3055 2358 3132 placet

367 3130 542 3188 deam
559 3168 578 3202 ‚
623 3144 801 3187 censu
826 3126 1143 3205 fraudata
1161 3169 1180 3202 ‚
1222 3126 1550 3188 Burmanno
1602 3141 1660 3186 et
1691 3126 1969 3188 Lemairio
2009 3131 2318 3208 probatum
2335 3173 2356 3211 ,

369 3206 474 3284 qui
520 3202 837 3265 fraudatam
894 3225 1064 3265 censu
1107 3204 1363 3283 intelligit
1412 3225 1737 3284 pauperem.
1793 3207 1924 3266 Hoc
1968 3208 2201 3286 quidem
2240 3233 2358 3274 non

369 3283 556 3357 male3
612 3282 710 3342 sed
749 3303 952 3360 parum
996 3303 1237 3346 moveor
1279 3283 1544 3345 codicum
1592 3287 1769 3345 trium
1824 3285 2096 3362 lectione3
2144 3292 2358 3372 quippe

366 3359 538 3422 nimis
596 3375 890 3438 apertumz,
947 3365 1097 3423 banc
1139 3382 1256 3422 esse
1307 3378 1577 3442 corrupto
1634 3362 1917 3423 vocabulo
1972 3367 2357 3429 substitutam.

372 3440 521 3515 Quis
551 3440 702 3498 enim
723 3480 742 3513 ,
779 3459 996 3519 quaeso,
1027 3443 1242 3517 deam,
1279 3460 1395 3521 quo
1432 3462 1620 3503 sensus
1654 3440 1901 3502 habetur
1937 3458 1996 3505 et
2038 3447 2266 3507 evidens
2298 3461 2358 3505 et

368 3517 501 3579 satis
518 3517 820 3596 probabilis
837 3560 855 3593 ,
878 3521 1079 3599 infieri
1102 3520 1413 3580 mutasset?
1434 3520 1720 3600 Equidem
1740 3521 1983 3601 quodvis
2000 3525 2153 3584 aliud
2171 3524 2361 3603 potius

371 3595 661 3658 crederem
687 3603 709 3672 ‚'
754 3617 925 3677 quam
981 3600 1094 3658 hoc
1139 3600 1230 3659 cui
1277 3618 1410 3658 uam
1455 3600 1514 3680 in
1547 3613 1796 3659 mentem
1840 3605 2064 3662 venisse.
2123 3602 2359 3661 Certum
2416 3671 2420 3678 1

371 3690 566 3736 tamen
594 3675 861 3750 videtur,
894 3675 1101 3737 vitium
1133 3677 1188 3737 in
1245 3682 1338 3737 eri
1364 3678 1553 3738 latere.
1579 3677 1694 3742 Sed
1731 3680 1868 3758 quid
1906 3681 2120 3756 scripsit
2144 3678 2357 3757 poeta?

374 3751 525 3814 Vide
547 3799 563 3827 ,
603 3775 674 3814 an
715 3755 928 3835 aliquid
957 3757 1228 3834 dicamus.
1256 3756 1494 3836 Reiecto
1535 3757 1818 3818 vocabulo
1855 3760 1984 3816 deoe
2020 3770 2120 3815 aut
2154 3760 2360 3836 deam,

380 3834 520 3910 quia
573 3835 879 3912 repetitum
907 3834 1140 3895 offendit
1164 3876 1184 3912 ‚
1232 3848 1290 3894 et
1352 3854 1579 3915 prorsus
1620 3835 1991 3896 substitutum
2044 3847 2312 3913 putamus
2345 3879 2367 3912 ‚

377 3912 635 3971 nonnihi}
677 3911 1025 3973 desideratur
1069 3933 1186 3973 vox
1226 3912 1522 3974 referenda
1570 3914 1663 3972 vel
1708 3913 1781 3974 ad
1826 3917 2089 3992 spernite
2135 3914 2229 3974 vel
2247 3961 2264 3990 ,
2315 3917 2364 3978 si

368 3987 457 4066 ⁸ita
494 3990 797 4074 legamus„
824 3990 898 4053 ad
906 3991 1260 4073 fraudaoe3
1306 3990 1518 4053 durum
1553 3992 1706 4055 enim
1739 3990 2216 4130 supplerefieam,
2261 4009 2366 4058 aut
