2742 4509
1092 266 1335 358 (¹⁵)

150 421 161 428 κ
217 401 433 448 corona
485 382 637 444 inter
681 398 832 462 genu
886 379 1147 441 Herculia
1198 396 1256 441 et
1312 379 1530 459 Anguis
1583 392 1791 460 caput,
1834 399 2007 462 quem
2054 393 2207 444 tenet

192 467 289 527 -O
332 464 591 524 hiuchus.
653 461 829 539 Atqui
873 461 1088 539 Anguis
1139 479 1273 519 cum
1331 459 1644 538 Ophiucho
1691 462 1972 522 veteribus
2023 481 2207 524 unum

263 547 275 560 ⁴
321 564 403 603 us.
459 542 547 602 Ne
595 540 816 600 dubites
826 573 852 612 -,
889 538 1084 598 confer
1130 538 1511 616 Eratosthenis
1568 540 2077 610 Gatasterismata.
2114 542 2209 603 Sic

232 624 405 702 igitur
442 621 669 713 Corona
721 636 854 713 yere
893 633 974 689 est
1020 618 1165 678 inter
1215 618 1520 680 Herculem
1570 631 1630 677 et
1671 618 1821 677 sidus
1868 619 2162 700 Ophiuchi
2190 634 2227 697 ς·

144 807 147 812 -
233 697 1796 854 3333ffi32z25⁰22532222221⁰303‘iffi12⁰3?ss
1811 696 1990 855 ,¹3:23
2023 720 2212 839 &32²3

239 858 369 919 bula
410 855 744 918 emendandi
800 853 1086 916 libidinem
1137 853 1558 914 commendaret
1609 853 1780 913 Aliud
1829 856 1977 914 enim
2021 857 2210 935 gracia

239 937 411 1014 vulgo
442 937 677 1015 receptis
719 933 918 993 idoneo
949 976 967 1009 ,
1011 934 1164 994 aliud
1205 934 1384 992 alieno
1430 933 1555 993 loco
1594 935 1714 1007 uti,
1755 932 1907 992 aliud
1949 954 2062 993 nou
2106 954 2210 996 re·-

231 1014 703 1154 “Riiilndffasse
724 1056 755 1173 ’ς
774 1009 2019 1173 {222²}sspm3'3'321353.'32:ffl:·⁸²‘²·

488 1135 507 1167 i
644 1133 695 1167 a
998 1138 1011 1152 ·
1096 1133 1108 1151 ·
1229 1136 1243 1151 ·

381 1243 593 1299 Gari-ula
618 1261 814 1298 ramosa
849 1245 1111 1315 prospexit
1138 1243 1205 1310 ab,
1237 1215 1356 1296 ilice
1395 1242 1580 1316 perdix

249 1386 574 1467 Legendum
597 1408 710 1447 esse
737 1381 894 1448 ulic'e
927 1406 1033 1467 pro
1071 1386 1212 1447 ilice
1233 1427 1252 1460 ,
1280 1405 1460 1464 eaque
1490 1355 1780 1445 occasione
1813 1400 2043 1461 monet,
2068 1385 2215 1448 Lin-

242 1486 411 1530 neum
446 1468 500 1526 in
547 1467 788 1544 antiquis
831 1467 1155 1546 plantarum
1207 1464 1530 1524 nominibus
1570 1465 1788 1544 pessimi
1838 1464 2008 1524 moris
2047 1466 2214 1526 fuisse

200 1585 203 1588 -
249 1548 277 1617 (
290 1565 531 1624 grossen
575 1544 780 1625 Unfug
824 1542 1127 1624 getrieben
1151 1544 1221 1621 ),·
1258 1544 1319 1603 in
1366 1560 1539 1621 quem
1577 1555 1637 1601 et
1689 1542 1821 1602 alibi
1865 1541 2214 1604 acerbissime

246 1625 544 1684 invehitur.
580 1623 689 1683 Hic
719 1637 911 1685 autem
947 1622 1087 1702 quid
1126 1636 1276 1683 recte
1305 1640 1539 1684 secusve
1572 1620 1816 1698 dixerit,
1844 1641 1996 1682 nunc
2032 1640 2213 1702 quaa-

122 1727 130 1732 ·
232 1723 357 1763 rere
394 1725 510 1763 non
558 1703 714 1762 libet.

309 1782 456 1842 vlu
478 1823 496 1852 .‚
532 1779 682 1859 605,
721 1753 998 1865 (spreng'.
1034 1800 1091 1861 p.
1127 1776 1269 1863 37.)
1298 1779 1677 1842 memorabilis
1708 1761 1792 1842 est
1814 1777 2214 1861 Sprengeliaua

228 1861 427 1921 critica
459 1857 616 1921 locus
1264 1918 1271 1928 .

1134 2015 1200 2029 --
1237 1987 1355 2058 Ipse
1387 1986 1612 2040 natantia

367 2054 590 2107 Pectora
627 2055 897 2128 tangebam
927 2055 1131 2126 trepido
1171 2053 1403 2107 salientia
1446 2068 1608 2105 motu.

373 2121 615 2192 Dumque
657 2141 715 2174 ea
750 2135 1014 2175 contrecto
1037 2159 1054 2188 ,
1092 2135 1264 2174 totum
1298 2120 1568 2169 durescere
1607 2121 1742 2169 sensi

370 2188 607 2258 Corpus,
646 2201 698 2242 et
735 2190 948 2242 inducta
985 2187 1141 2238 condi
1171 2182 1452 2251 praecordia
1489 2194 1640 2234 terra.

364 2256 508 2309 Dum
546 2254 733 2323 loquor
751 2292 769 2320 ,
808 2252 1039 2318 amplexa
1072 2261 1150 2300 est
1178 2260 1319 2299 artus
1350 2264 1483 2301 nova
1513 2258 1647 2297 terra
1686 2258 1918 2301 natantes
1934 2283 1954 2314 ,

304 2331 309 2342 ’
367 2322 442 2374 Et
473 2322 644 2391 gravia
679 2319 900 2394 increvit
939 2315 1147 2365 mamis
1180 2313 1344 2366 insula
1377 2311 1640 2366 membris.
1669 2356 1678 2362 ,

242 2445 357 2504 Hic
393 2442 646 2520 primum
676 2435 946 2519 Sprengel
985 2457 1043 2498 re
1083 2437 1340 2499 rehendit
1382 2440 1766 2500 Bur-mannum
1790 2488 1807 2518 ,
1842 2441 1940 2521 qui
1975 2457 2087 2503 non
2123 2443 2215 2502 vi-

240 2522 423 2591 derit,
463 2517 673 2577 salsum
704 2537 818 2577 esse
850 2517 1038 2578 mulce
1073 2536 1189 2577 am.
1226 2517 1384 2593 Quid
1418 2519 1564 2579 enim
1586 2561 1605 2593 ,
1638 2520 1820 2599 inquit
1843 2567 1858 2595 ‚
1897 2525 2021 2600 ipse
2055 2522 2211 2582 mul-

236 2600 442 2661 cebam
468 2635 487 2668 ‚
533 2612 719 2674 ,quum
763 2594 894 2654 satia
939 2598 1006 2655 sit
1063 2615 1168 2675 ego
1210 2596 1527 2658 mulcebam
1564 2598 1595 2660 Ρ
1649 2601 1928 2661 Nimirum
1967 2613 2214 2680 tangere

172 2741 180 2758 ,
238 2679 335 2739 hic
386 2692 500 2736 esse
554 2677 841 2747 sentire„
869 2693 1111 2757 eamque
1162 2678 1448 2736 notionem
1498 2680 1554 2737 in
1613 2680 1797 2739 lexicis
1852 2679 2213 2759 desidet-arie,

233 2775 456 2817 sensum
497 2751 689 2833 itaque
730 2773 891 2813 esse:
932 2756 1086 2834 ipse,
1145 2773 1258 2811 non
1301 2756 1556 2833 nympha
1613 2757 1827 2832 modo,
1884 2758 2209 2820 sentiebam.

234 2836 332 2896 Sic
368 2834 656 2910 decernit,
694 2847 1019 2909 comparato
1050 2852 1167 2903 xv,
1209 2829 1362 2904 568,
1392 2853 1527 2912 quoe
1550 2838 1743 2907 vidit,
1778 2839 1989 2915 tetigit.
2026 2836 2209 2913 Quae,
2267 2869 2272 2874 ·

231 2912 493 2990 intelligis
518 2910 672 2989 jam,
706 2931 881 2989 quam
910 2913 1017 2971 sint
1046 2909 1243 2971 inania.
1275 2910 1391 2971 Sed
1423 2931 1556 2971 cum
1588 2915 1908 2991 interprete,
1929 2914 2212 2991 diximus,

231 2991 399 3054 nobis
435 2991 723 3068 negotium
753 3009 865 3049 non
896 3010 1029 3054 esse·
1068 2989 1289 3068 Pergit,
1325 2990 1397 3054 de
1432 3005 1552 3050 toto
1581 2992 1698 3053 sive
1732 2994 1950 3072 integro
1976 3011 2209 3073 corpore

234 3072 471 3132 demum
517 3069 607 3146 agi
660 3089 825 3130 versu
877 3068 1038 3144 6103
1095 3066 1394 3147 legendum
1441 3090 1509 3128 ex
1571 3092 1684 3131 uno
1736 3073 1927 3133 codice
1984 3086 2211 3133 tactum

240 3147 442 3228 (quod
484 3151 811 3216 Bur-manno
849 3146 961 3226 jam
995 3148 1297 3223 probatum
1333 3167 1485 3223 esse,
1533 3165 1688 3210 notat
1728 3154 2024 3232 Lemaire)
2066 3171 2211 3214 cor·
2241 3161 2250 3170 ’

227 3246 383 3304 pus,
431 3237 496 3288 ut
531 3231 599 3290 sit
637 3245 767 3287 caro
807 3241 971 3287 tacta.
1019 3228 1147 3287 Hoc
1184 3227 1491 3288 absurdum
1511 3237 1624 3290 non
1648 3231 1793 3291 foret
1815 3274 1834 3306 ,
1875 3231 1971 3294 aed
1997 3251 2215 3293 necesse

232 3323 352 3365 nou
379 3319 477 3367 est.
517 3306 674 3386 Quid
693 3308 842 3365 enim
863 3305 1127 3376 offendet,
1147 3310 1190 3365 si
1211 3326 1398 3365 sensus
1421 3326 1435 3366 τ
1458 3307 1594 3367 dum
1625 3325 1856 3388 pectora
1888 3325 2208 3387 contrecto,

239 3383 397 3443 aenai-
426 3396 612 3447 totum
634 3391 836 3466 corpus
875 3384 1167 3446 durescere
1194 3385 1456 3468 (serebat
1492 3389 1639 3446 enim
1667 3391 1985 3469 nympham
2016 3393 2210 3450 Ache·-

237 3461 364 3522 lous
390 3502 408 3535 ‚
455 3466 713 3545 quamvis
735 3478 1054 3537 natantem,
1091 3481 1274 3546 neque
1301 3480 1529 3546 pectora
1565 3479 1786 3527 tantum
1834 3490 1938 3530 suo
1971 3487 2207 3544 corpore

236 3542 523 3620 tangebat.
573 3546 661 3606 Cf.
708 3541 841 3625 594.
878 3558 1223 3625 nantemque
1244 3544 1463 3623 ferens
1481 3586 1499 3618 ,
1548 3541 1683 3621 598.
1727 3567 1905 3628 quam
1934 3559 2118 3624 porto
2141 3545 2206 3622 ‚)

238 3633 300 3679 et
322 3624 633 3699 praecordia
668 3635 812 3682 terra
840 3623 1069 3683 inducta
1106 3624 1287 3684 condi.
1316 3623 1537 3701 Nempe
1565 3623 1637 3681 ab
1670 3625 1778 3686 hac
1803 3640 1961 3708 parte
1980 3666 1998 3697 ,
2030 3641 2207 3702 quam

234 3716 412 3761 manu
435 3703 701 3782 tangebat
740 3719 930 3762 amans
957 3744 976 3776 ‚
1018 3714 1166 3763 terra
1202 3702 1480 3781 reliquum
1506 3724 1708 3786 corpus
1735 3702 2052 3782 occupavit·
2077 3699 2207 3760 'Hoc

237 3798 355 3858 qua
404 3784 688 3842 celeritate
724 3778 939 3841 factum
983 3781 1052 3840 sit
1079 3826 1095 3854 ,
1147 3794 1379 3841 narrant
1433 3783 1626 3843 versus
1676 3796 1968 3862 sequentes
1993 3820 2013 3852 ‚
2059 3796 2205 3855 quos

238 3860 506 3939 equidem
545 3862 676 3921 nolo
716 3878 958 3920 resecare
980 3901 998 3932 ,
1036 3861 1297 3937 quamvis
1340 3859 1569 3920 Heinsio
1600 3877 1657 3923 et
1691 3859 1936 3936 Gierigio
1970 3856 2228 3933 planae-³
2281 3907 2284 3916 J

241 3937 352 4010 rit3
384 3960 454 4000 ne
487 3959 685 3999 manca
713 3941 781 3999 ait
815 3941 1329 4016 metamorphoseos
1366 3938 1705 4017 descriptio,
1728 3957 1842 3994 non
1868 3937 2020 3994 enim
2039 3938 2201 4010 satie,

239 4018 546 4092 praecordia
580 4034 727 4081 terra
762 4016 965 4091 condi,
1003 4027 1293 4083 ut‘totum
1328 4031 1532 4093 corpus
1560 4018 1616 4075 in
1656 4012 1896 4074 insulam
1919 4024 2209 4075 mutatum
