2742 4509
604 301 605 308 ¹
1211 286 1285 331 21

329 380 422 460 X,
471 382 622 465 309,
652 359 936 463 (Spreng.
973 396 1034 459 p.
1073 268 1215 460 57(.)
1263 265 1405 439 παίζῃ·
1427 376 1622 460 ,etiam
1662 373 1922 459 displicet
1946 372 2151 457 flores
2186 372 2248 437 in

340 545 344 552 -
375 509 518 574 ‚Tura
545 511 678 566 ferat
693 544 713 577 ,
745 508 999 580 floresque
1033 505 1161 560 alios
1180 504 1434 562 Panchaia
1460 505 1618 559 tellus
1631 541 1651 574 ,

246 624 369 689 Sed
419 624 597 706 magis
646 624 901 707 displicet
947 620 1296 704 Spreugelis,
1344 620 1418 697 ad
1467 621 1702 682 brevem
1727 618 2004 701 syllabam
2029 618 2088 679 in
2125 618 2247 679 ictu

249 706 622 781 recurrentis,
642 719 701 764 et
723 706 977 765 odorum
1005 702 1186 763 alios.
1205 701 1300 763 Sic
1334 700 1573 761 scribere
1603 713 1826 779 poterat
1862 698 2011 758 malo
2040 698 2243 765 critico

250 782 458 863 dignus
488 797 656 863 poeta
676 825 696 859 ,
723 781 969 843 Ovidius
989 801 1102 842 non
1136 793 1376 861 poterat.
1407 778 1568 855 Quid
1600 781 1770 860 igitur
1803 777 2064 854 scripsit?
2092 778 2250 836 Vero

250 863 585 938 proximum
623 861 666 922 si
701 863 822 939 vis,
862 862 985 941 lege
1022 879 1311 938 roresque
1349 858 1524 919 alios.
1564 860 1653 919 Ne
1692 856 1946 918 multum
1986 853 2248 930 dubites,

249 939 447 1000 confer
485 940 618 1000 Tib.
664 961 739 1002 111
762 983 781 1017 ,
817 940 860 1020 4
882 983 900 1018 ,
935 939 1014 1002 28
1035 981 1053 1014 ,
1078 938 1359 1012 spirabat
1394 936 1572 1014 Syrio
1606 951 1837 1017 myrtea
1869 955 2014 995 rore
2055 947 2251 995 coma.

247 1018 452 1093 Vides,
476 1039 648 1080 rores
670 1038 786 1080 esse
809 1034 1100 1101 unguenta
1129 1018 1248 1078 sive
1273 1016 1472 1077 odores
1489 1060 1506 1093 ,
1532 1018 1723 1096 quales
1747 1026 2016 1094 parantur
2030 1034 2061 1074 e
2081 1030 2251 1074 succo

252 1097 377 1158 sive
437 1116 566 1158 rore
621 1097 892 1160 arborum
945 1096 1062 1178 (cf.
1115 1094 1295 1164 canen)
1317 1144 1333 1173 ,
1397 1101 1571 1156 stacta
1612 1115 1704 1176 ap.
1756 1094 1896 1154 Plin.
1950 1112 2081 1168 111,
2146 1089 2255 1167 15,

247 1196 367 1236 1111
389 1218 408 1253 ,
433 1196 458 1234 1
478 1218 496 1249 ,
532 1188 592 1236 et
616 1176 784 1252 alibi3
805 1178 879 1238 cf.
902 1177 1102 1237 eodem
1122 1198 1285 1239 sensu
1312 1174 1657 1258 quandoque
1697 1191 1996 1233 occurrens
2020 1168 2258 1249 gutta.)

248 1254 475 1335 Nempe
508 1267 600 1314 tus
651 1269 709 1315 et
741 1258 981 1338 myrrha
1042 1275 1132 1317 ros
1191 1255 1449 1333 arboris,
1502 1253 1659 1313 unde
1693 1268 1862 1333 poeta
1912 1252 2253 1326 sudataque

255 1330 423 1409 ligno
464 1337 606 1394 lura
624 1334 805 1413 ferat
824 1376 844 1412 ,
888 1351 1175 1414 roresque
1226 1335 1383 1396 alios
1403 1378 1419 1407 ‚
1480 1333 1796 1394 Panchaia
1859 1327 2069 1405 tellus‚·
2111 1330 2255 1386 dum

227 1410 422 1550 ferat³
444 1428 509 1472 et
536 1413 857 1535 mffrrham.
905 1412 1064 1492 Quid
1121 1414 1364 1493 amplius
1406 1413 1531 1490 vis,
1572 1432 1688 1493 quo
1731 1403 2051 1472 emendatio
2092 1423 2256 1468 com-

249 1507 345 1549 me
424 1505 587 1552 etur.
2175 1523 2180 1528 ·

327 1569 407 1630 X.
429 1610 449 1647 ,
490 1567 648 1647 446,
685 1567 981 1653 (Spr‘eug.
1013 1593 1070 1654 p.
1101 1570 1244 1653 69.)
1284 1572 1343 1632 in
1384 1571 1510 1631 loco
1554 1590 1572 1630 ε

380 1694 610 1766 Tempus
643 1709 785 1764 erat,
825 1716 929 1769 quo
969 1713 1155 1754 cuncta
1187 1698 1377 1767 silent,
1405 1683 1652 1768 ‘interque
1694 1693 1913 1749 Triones

378 1759 620 1842 Flexerat
653 1762 865 1837 obliquo
895 1765 1182 1837 plaustrum
1219 1780 1425 1823 temone
1463 1764 1670 1818 Bootes.

244 1896 353 1961 pro
395 1882 555 1939 inter
585 1880 809 1944 criticus
841 1880 1091 1944 decernit
1145 1887 1307 1945 citra
1351 1881 1474 1961 (cf.
1520 1881 1592 1942 ad
1630 1900 1778 1953 xm,
1824 1876 2037 1961 716),
2086 1890 2154 1939 ut
2186 1878 2268 1941 sit-

250 1958 576 2037 plaustrum
601 1960 718 2020 sine
754 1959 1098 2038 Trionibus,
1137 1964 1174 2022 i.
1207 1983 1259 2024 e.
1302 1964 1421 2024 siue
1455 1963 1659 2023 bobus.
1686 1959 1956 2032 Scilicet,
1991 1961 2035 2018 si
2063 1958 2260 2038 plaus-

249 2049 412 2112 trum
449 2035 674 2098 dicatur
710 2037 905 2116 sidus,
930 2062 1041 2101 non
1080 2042 1246 2102 simul
1282 2042 1523 2103 Triones
1560 2042 1680 2098 sive
1723 2039 1899 2097 boves
1927 2035 2039 2097 dici
2079 2057 2259 2116 posse.

251 2114 448 2175 Habes
493 2115 854 2190 futilitatem‚
901 2120 1133 2200 qualem
1169 2119 1415 2179 refutare
1448 2129 1752 2194 peccatum
1792 2116 1959 2174 foret.
1996 2117 2261 2192 Quaeris,

247 2191 390 2273 quid
406 2193 533 2329 ’igse
552 2194 582 2256 Ρ
604 2193 670 2256 Si
696 2199 973 2273 ponamps
994 2213 1195 2255 sanum
1217 2212 1331 2251 esse
1371 2196 1530 2251 inter
1546 2233 1565 2266 ,
1608 2190 1864 2277 sequitur
1883 2232 1901 2264 ,
1924 2204 2023 2251 aut
2064 2195 2266 2269 plaus-

245 2255 408 2330 trum
471 2272 576 2331 ecti
597 2274 743 2330 inter
766 2272 1034 2343 Triones,
1060 2273 1095 2328 i.
1118 2290 1173 2327 e·
1190 2270 1336 2329 inter
1361 2271 1572 2329 Ursam
1592 2285 1868 2344 majorem
1895 2281 1952 2325 et
1975 2269 2261 2330 minorem

236 2346 369 2423 (cf.
394 2349 557 2423 virg.
591 2350 849 2423 gemini,
880 2346 1058 2405 Ovid.
1132 2347 1280 2409 elidi
1316 2348 1658 2424 Triones),
1695 2358 1793 2403 aut
1828 2359 2121 2407 temonem
2144 2367 2262 2409 esse

250 2421 553 2499 obliquum
601 2424 747 2481 inter
786 2422 983 2482 eadem
1023 2425 1068 2486 si
1113 2445 1252 2500 erae,
1291 2424 1393 2486 sed
1433 2425 1618 2502 neutri
1660 2421 2014 2489 admittendo
2055 2424 2261 2489 idonea
2335 2441 2343 2450 ‘

245 2499 394 2557 ratio
453 2499 719 2577 suppetit.
788 2502 925 2582 ,Ipse
966 2504 1200 2583 quidem
1240 2503 1488 2565 Ovidius
1527 2502 1843 2585 plaustrum
1892 2503 2086 2565 Bootae
2124 2504 2263 2567 facit

249 2576 460 2667 Ursam
494 2575 770 2655 majorem
810 2600 921 2640 uon
953 2603 1066 2642 uno
1108 2583 1253 2654 loco,
1294 2585 1491 2659 Quare
1534 2583 1777 2643 dubium
1821 2604 1935 2645 nou
1981 2583 2257 2662 videtur,

248 2672 389 2733 qum
430 2658 585 2714 inter
615 2671 952 2737 corruptum
988 2664 1076 2721 sit.
1116 2660 1177 2723 si
1216 2662 1271 2722 in
1308 2684 1425 2723 uno
1452 2663 1645 2722 codice
1681 2676 1824 2721 esset
1844 2663 2050 2739 insi-a,
2085 2662 2260 2724 avido

242 2734 579 2810 arriperem,
618 2748 682 2793 ut
718 2756 907 2798 sensus
945 2753 1086 2800 esset
1110 2782 1127 2814 ,
1158 2740 1384 2814 ,Booten
1418 2740 1636 2801 flexisse
1666 2739 1982 2817 plaustrum
2024 2741 2260 2804 inferius
2351 2745 2354 2750 ’

240 2831 279 2870 a
317 2811 603 2887 culmine,
649 2813 746 2873 ubi
777 2816 961 2878 media
1004 2833 1170 2879 nocte
1210 2816 1440 2905 fingunt
1475 2833 1676 2898 poetae.
1722 2818 1784 2877 Si
1830 2822 1979 2879 hanc
2020 2818 2260 2880 con’ec-

248 2893 694 2970 turampprobaS,
728 2892 1005 2975 distingue
1044 2919 1065 2958 .·
1100 2898 1303 2978 Bootes
1338 2898 1485 2960 infra
1517 2897 1754 2958 flexerat
1788 2897 2056 2972 Triones,
2080 2918 2121 2975 p
2146 2919 2259 2960 au-

247 2982 426 3027 strum
464 2969 702 3052 obliquo
738 2984 963 3033 temone
1002 2975 1122 3055 (de
1161 2985 1220 3035 re'
1258 2976 1327 3036 cf.
1371 2983 1577 3038 Anacr.
1621 2972 1876 3057 τρέφεται
1898 3025 1915 3054 ,
1955 2973 2258 3058 δ”-’ἄρκτος

247 3044 548 3142 ’idn-zarai
587 3052 751 3129 χεῖρα
780 3052 871 3120 mir
911 3052 1188 3134 Beda-ouh
1222 3051 1461 3115 esaliud
1502 3058 1719 3134 mavis,
1761 3058 1881 3137 lege
1914 3072 2135 3135 septem
2157 3102 2176 3136 ,
2198 3072 2258 3120 et

240 3127 537 3220 distingue
567 3151 595 3190 t·
639 3133 847 3192 Bootes
897 3133 1136 3196 flexerat
1170 3133 1391 3213 septem
1451 3135 1724 3220 Triones,
1770 3138 2089 3217 plaustrum
2144 3152 2255 3201 etc.

241 3205 448 3266 Melms
495 3228 610 3269 non
654 3210 843 3271 habeo
900 3214 990 3274 bis
1027 3215 1301 3290 duobusq
1332 3214 1430 3274 sed
1452 3214 1627 3291 opt-jus
1666 3216 1928 3293 praesero.

318 3286 600 3347 Caeterum
639 3289 752 3350 bac
792 3294 1085 3362 occasione
1122 3289 1345 3374 inspexi
1374 3294 1583 3354 locum.
1611 3294 1833 3358 Manilii

370 3403 618 3496 Ater-30⁶·
639 3420 773 3496 nitet
813 3422 1199 3494 Arctophylax,
1227 3423 1470 3496 idemque
1509 3422 1733 3494 Bootes,

375 3480 536 3552 Quod
572 3484 757 3538 amns
791 3488 987 3559 junctis
1024 3492 1193 3544 instat·
1213 3491 1280 3544 de
1314 3509 1456 3544 more
1495 3493 1766 3562 juvencis,

375 3554 752 3622 Arcturumqne
793 3559 934 3627 rapit
967 3558 1141 3611 medio
1181 3559 1277 3611 snb
1308 3571 1521 3629 pectore
1560 3577 1756 3613 mcum.

242 3663 421 3750 Queis
469 3682 637 3746 poeta
662 3711 681 3742 ,
739 3692 853 3733 non
890 3676 1134 3744 obscure,
1163 3677 1453 3757 utriusque
1479 3681 1486 3686 ’
1512 3676 1759 3737 nominis
1799 3695 2026 3738 causam
2070 3696 2252 3738 com-

241 3746 524 3822 plectenS,
555 3748 773 3810 Booten
817 3751 992 3813 boves
1024 3751 1409 3828 stimulantem
1437 3799 1455 3830 ,
1493 3755 1854 3834 eundemque
1896 3756 2254 3836 Arctophy—

237 3823 415 3883 lacem
463 3847 496 3885 a
553 3830 816 3906 primaria
853 3830 1010 3892 stella
1036 3878 1053 3905 ‚
1095 3835 1376 3908 Arcturo,
1432 3835 1466 3895 i.
1509 3856 1559 3894 e.
1610 3853 1796 3895 ursam
1851 3834 2199 3895 custodiente
2229 3884 2249 3912 ,

237 3902 502 3983 adpellat.
546 3912 827 3969 Arcturus
870 3911 1058 3988 enim,
1094 3914 1142 3971 si
1181 3932 1275 3973 me
1314 3929 1509 3974 contra
1538 3913 1805 3975 Servium
1837 3913 2087 3993 aliosque
2120 3936 2254 3976 auc·

241 3995 418 4045 torem
461 3985 667 4065 probas
687 4028 706 4065 ,
747 4009 859 4051 non
902 3991 1061 4070 quasi
1103 4009 1246 4054 ursae
1299 3991 1545 4060 caudam
1582 3989 1799 4074 (ον’ρᾶ)
1838 4012 2113 4075 88911θῦ3,
2150 3994 2250 4057 ³⁸⁶¹
