2742 4509
978 223 1320 319 ,(33)

202 369 327 412 non
361 343 510 406 vidit
545 362 667 405 rem
709 340 1095 417 manifestam,
1137 361 1251 401 non
1292 339 1382 421 agi
1416 338 1488 402 de
1527 342 1731 404 summi
1774 341 2053 420 numinis,
2095 341 2209 405 sed'

204 428 283 489 de
314 426 517 487 Phoebi
552 425 760 505 clypeo
782 468 797 494 ,
831 419 990 502 cujus
1024 439 1229 479 nomen
1265 432 1516 499 repetere
1546 421 1728 480 noluit
1757 437 1924 503 poeta
1949 424 2010 482 in
2031 439 2200 484 versu

253 504 549 567 raeeedeuti
599 522 914 563 occurrens.
956 498 1134 559 Possis
1194 497 1473 580 conjicere
1517 500 1720 560 vultus
1754 514 1812 561 et
1864 502 2011 571 aliar,
2068 515 2203 562 nam

208 582 454 647 insolens
493 581 752 662 profecto
788 579 1015 656 videtur
1063 577 1266 637 Phoebi
1308 579 1542 655 clypeus
1580 600 1685 659 pro
1720 579 1859 640 orbe
1890 581 2039 642 solis.
2079 578 2198 644 sed

208 665 342 745 quis
378 662 523 722 ausit
552 660 755 720 falsum
799 657 1160 738 pronuntiare
1178 697 1198 732 ,
1236 658 1395 781 guod
1418 699 1440 736 ,
1482 658 1809 722 insolentius
1848 658 2026 719 modo
2061 659 2203 721 dic-

213 755 385 814 tum,
423 735 685 800 codicum
714 757 989 797 consensu
1026 734 1256 797 nititur‘.
1298 771 1305 780 ι

296 820 450 890 XV,
479 836 632 900 229,
675 819 948 897 (Spreng.
989 834 1045 892 p.
1096 813 1267 895 205.)
1308 814 1624 896 Sprengel,
1649 815 1722 876 ad
1746 835 1934 894 graecs
1952 815 2205 890 rediens,

214 898 448 961 Milonis
499 899 730 956 lacertos
772 895 936 973 fingit
984 890 1242 954 athletas
1287 915 1393 971 pro
1436 898 1690 969 inanes,·
1733 909 1798 954 ut
1836 895 1907 955 sit
1950 894 2210 972 Fletque

217 974 423 1039 Milon
451 978 682 1048 senior,
711 970 890 1053 quum
924 983 1155 1051 spectat
1183 973 1444 1034 athletas
1469 1002 1574 1021 --
1610 971 1893 1035 lacertos·
1935 972 2098 1033 Cur?
2124 973 2210 1032 Ut

216 1075 372 1118 sanae
392 1096 412 1128 ‚
449 1068 602 1113 certe
638 1051 880 1114 ferendae
915 1048 1254 1113 incredibilis
1291 1052 1457 1112 lectio
1501 1052 1893 1118 substituatur.
2091 1115 2094 1122 ,
2275 1085 2286 1094 -

300 1133 448 1227 XY,
482 1131 597 1271 ῗένό
620 1173 638 1206 ,
682 1134 968 1214 (Spu-eng.
1004 1150 1062 1208 p.
1114 1130 1291 1213 106.)
1327 1131 1588 1207 criticus,
1623 1130 1697 1190 ad
1739 1129 1962 1192 hiatum
2000 1150 2210 1192 rever-

224 1232 360 1288 sus,
394 1232 455 1271 m
544 1230 612 1271 co
647 1230 664 1270 τ
761 1253 764 1260 .
1633 1245 1666 1262 -.

363 1367 588 1439 Tempus
620 1366 752 1421 edax
782 1385 954 1421 rerum
973 1403 993 1431 ,
1033 1380 1191 1437 tuque
1231 1363 1485 1418 invidiosa
1527 1343 1786 1429 vetustas,

285 1445 315 1464 '·
364 1435 552 1488 Omnia
589 1432 855 1488 destruitis
872 1472 889 1499 ,
930 1433 1208 1503 vitiataque
1236 1429 1481 1483 dentibus
1519 1429 1613 1485 aevi

363 1500 618 1555 Paulatim
656 1501 794 1556 lenta
819 1500 1119 1554 consumitis
1152 1498 1325 1551 omnia
1354 1509 1541 1570 morte.

231 1688 339 1748 pro
394 1667 673 1730 dentibus
721 1669 839 1728 ωνί
893 1660 1143 1725 decernit
1197 1667 1371 1725 dente
1427 1666 1653 1740 inique.
1713 1661 1957 1721 Credam
1976 1703 1996 1737 ,
2045 1660 2221 1722 modo

226 1749 515 1822 alterum,
560 1759 765 1824 praeter
849 1764 936 1804 uae
981 1745 1099 1824 ipse
1127 1743 1384 1816 induxit,
1422 1741 1544 1800 talis
1583 1741 1770 1801 hiatus
1808 1740 2131 1819 exemplum
2165 1742 2222 1800 in

182 1895 193 1907 θ
236 1822 458 1884 Ovidio
488 1826 769 1903 reperiat.
905 1838 1088 1883 terum
1119 1822 1243 1900 iure
1282 1822 1594 1894 miremur,
1631 1811 2129 1894 commentatoies,
2169 1820 2225 1879 iu

236 1904 417 1982 iisque
461 1902 775 1980 Gierigium
797 1941 816 1975 ,
855 1915 954 1976 et,
989 1913 1368 1980 postremum,
1406 1914 1684 1980 quantum
1731 1899 1875 1970 scio,
1910 1898 2218 1973 editorem,

235 1981 583 2044 Lemairium
636 1979 813 2041 verbs
863 1980 1141 2043 dentibus
1190 1983 1310 2041 oevi
1337 2000 1482 2038 non
1525 1992 1782 2058 suspecta
1836 1977 2081 2050 hahere,
2128 1978 2230 2037 sed

234 2061 518 2139 explicare
552 2073 813 2133 tantum3
858 2079 989 2138 quae
1026 2056 1281 2142 profecto
1303 2099 1322 2130 ,
1358 2057 1403 2115 si
1438 2076 1569 2114 sana
1606 2070 1814 2126 essent,
1855 2056 2230 2135 explicatione

236 2157 357 2200 non
392 2152 638 2218 egerent.
685 2135 1040 2210 Enimvero,
1082 2135 1383 2208 indignum
1420 2130 1642 2190 ovidio
1689 2131 1946 2190 ducimus
1987 2133 2229 2208 dixisse,

238 2229 463 2295 tempus
481 2230 537 2275 et
557 2228 900 2276 vetustatem
929 2211 1120 2271 omnia
1152 2208 1417 2268 dentibus
1448 2211 1558 2267 aevi
1595 2206 1896 2266 destruere.
1933 2210 2051 2269 Sed
2084 2213 2229 2290 quid

235 2293 551 2370 scripserit,
610 2305 810 2370 praeter
867 2285 1234 2366 Sprengelem
1254 2328 1272 2360 ,
1325 2306 1493 2345 nemo
1548 2285 1710 2344 facile
1730 2326 1749 2358 ,
1796 2304 1854 2346 se
1919 2290 2184 2366 reperisse
2203 2332 2225 2365 ,

237 2368 484 2431 fidenter
521 2365 928 2444 pronuntiabit.
960 2365 1050 2425 Ne
1082 2378 1269 2425 tamen
1310 2364 1446 2424 nihil
1482 2363 1803 2425 adferamus
1835 2384 1852 2423 ε
1890 2365 2065 2446 possis
2100 2388 2229 2427 sus-

232 2445 414 2524 picari
450 2444 628 2503 deme
663 2442 769 2501 sub
806 2461 985 2523 oequo
1006 2465 1032 2519 ,-
1063 2461 1198 2503 nam
1228 2458 1287 2503 et
1318 2442 1656 2521 singularis,
1698 2442 1854 2522 quod
1894 2458 2045 2504 recte
2082 2447 2231 2506 criti·

237 2542 343 2583 cus
393 2521 836 2597 animadvertit,
893 2522 1142 2583 usitatius
1192 2522 1249 2580 in
1284 2541 1345 2581 re
1380 2522 1542 2581 simili
1576 2562 1596 2597 ,
1635 2535 1692 2580 et
1741 2522 1847 2581 sub
1890 2523 2067 2583 dente
2098 2527 2230 2585 satis

239 2599 506 2660 defendet
567 2599 943 2677 virgilianum
998 2615 1316 2661 tremerent
1365 2601 1476 2660 sub
1536 2600 1810 2660 dentibus
1868 2615 2037 2662 artus
2088 2604 2233 2684 (ubi

240 2674 478 2758 perinde
518 2678 772 2738 nonnihil
802 2677 1039 2740 offendit
1083 2677 1401 2758 praecedens
1439 2678 1700 2739 membra
1719 2678 1784 2754 ),·
1827 2699 2002 2758 cequo
2038 2697 2232 2743 autem

240 2756 317 2817 ad
349 2775 571 2816 sensum
608 2756 773 2834 plane
814 2777 919 2816 con
963 2778 1130 2821 ruens
1166 2757 1408 2831 diceres,
1447 2769 1776 2836 comparato
1812 2756 2031 2824 Horatii
2067 2781 2232 2820 mors
2313 2815 2318 2822 .

241 2852 420 2915 oequo
451 2834 664 2916 pulsat
688 2839 837 2914 pede
857 2859 882 2909 ,-
917 2778 1161 2915 denique
1201 2855 1322 2895 rare
1361 2854 1658 2896 occurrens
1706 2836 1973 2895 vocabuli
2014 2836 2230 2917 signifi-

239 2914 391 2976 catio
423 2913 712 2974 hominem
730 2915 928 2993 fugere
959 2935 1163 2993 parum
1180 2917 1299 2976 sive
1322 2915 1566 2992 peritum
1585 2914 1704 2973 sive
1726 2926 2001 2973 attentum
2025 2918 2238 2996 potuit,

243 3004 302 3051 et
356 2992 649 3069 vulgarem
698 2990 1160 3073 significationem
1205 2993 1363 3054 vides
1394 3014 1425 3051 a
1466 2991 1733 3053 sententia
1775 3005 1954 3069 poetas
2007 3006 2232 3071 prorsus

246 3069 566 3130 abhorrere.
600 3070 748 3145 Sed,
789 3091 913 3150 quo,
946 3075 1124 3152 magis
1161 3071 1578 3151 desperandum
1619 3082 1814 3151 putes,
1857 3071 2028 3148 possis
2059 3074 2234 3136 etiam

245 3145 516 3226 conjicere
543 3152 904 3231 vitianteque
930 3154 1106 3212 dente
1126 3152 1338 3212 subesa
1369 3150 1487 3226 (cf.
1527 3152 1617 3211 xl
1636 3192 1653 3225 ,
1693 3149 1804 3229 783
1824 3190 1842 3224 ‚
1880 3171 1914 3209 e
1944 3152 2225 3234 scopulo,

247 3246 420 3303 quem
463 3244 652 3286 rauca
687 3228 1006 3289 subederat
1048 3232 1207 3290 unda
1225 3229 1274 3307 ).
1319 3229 1498 3308 Quod
1542 3242 1729 3289 tamen
1775 3229 1962 3288 minus
2011 3233 2228 3309 placet,

249 3315 315 3366 ut
359 3316 452 3362 ote
476 3343 496 3376 ,
527 3321 757 3382 propter
797 3308 1114 3387 praecedens
1144 3312 1305 3368 edax
1323 3351 1342 3385 ,
1368 3310 1576 3390 pariter
1617 3308 1944 3386 repetitione
1974 3311 2232 3370 nonnihil

246 3402 284 3440 o
331 3380 550 3440 endens.
606 3381 767 3443 Adde
813 3387 974 3465 quod
1015 3387 1369 3469 participium
1405 3387 1519 3445 'vix
1566 3399 1665 3446 aut
1705 3405 1829 3446 raro
1870 3403 2228 3468 usurpatum.

244 3499 251 3506 -
323 3460 478 3552 ΧΨ,
518 3458 668 3551 δυ’,
701 3461 989 3543 (Spreng.
1018 3486 1076 3546 p.
1116 3466 1276 3547 ¹07·)
1319 3468 1543 3526 criticus
1579 3462 1845 3524 emendat
1880 3468 2228 3540 admotum,-

244 3536 481 3612 demde,
498 3553 699 3617 merito
718 3544 1109 3615 reprehensam
1129 3544 1575 3604 emendationem
1598 3544 1807 3602 fatetur
1824 3561 1854 3600 a
1882 3546 2001 3601 viro
2023 3543 2191 3601 docto
2208 3565 2229 3616 e,

248 3636 361 3686 esse
391 3618 541 3677 enim
587 3617 948 3695 hypallagen.
997 3622 1174 3699 Quod
1213 3644 1287 3682 an
1325 3624 1437 3699 sit,
1475 3637 1563 3695 et,
1605 3643 1674 3681 an
1728 3621 2067 3700 hypallagen
2119 3622 2230 3679 hac

251 3698 535 3786 occasione
579 3709 726 3756 recte
764 3696 1042 3760 definierit
1083 3702 1395 3779 Sprengel‚
1438 3699 1605 3760 mitto
1645 3704 1698 3758 in
1743 3719 1940 3758 unrere.
1982 3700 2101 3758 Nos
2151 3696 2228 3757 ad

246 3773 400 3835 illam
437 3773 682 3863 figuram
724 3796 890 3856 supra
920 3778 977 3838 in
1012 3781 1324 3838 distentum
1360 3781 1635 3858 cruribus
1667 3804 1704 3839 u
1743 3798 1811 3837 er
1848 3777 2228 3852 recurrimus,

250 3865 305 3910 et
349 3854 491 3913 infra
542 3854 794 3933 ejusdem
841 3875 949 3938 ope
1012 3859 1303 3937 vulgatam
1347 3858 1662 3918 'lectionem
1720 3867 1917 3914 contra
1953 3856 2228 3922 ‚criticum

253 3932 551 4014 tuebimur.
591 3933 776 3993 Locus
822 3935 881 3995 in
914 3934 1233 4015 Gierigiana
1273 3936 1518 3998 editione
1561 3939 1637 3997 sic
1659 3936 1870 4013 legitur
1910 3953 1927 3993 z
