2742 4509
1165 235 1403 324 (37)

301 362 419 412 tem
439 391 458 425 ‚
482 367 651 411 nemo
685 347 856 425 feret,
882 365 951 409 eo
974 344 1206 428 quidem
1230 350 1416 409 minus
1433 388 1452 424 ‚
1478 346 1744 428 quoniam
1768 355 1826 408 et
1848 345 2034 424 inepte
2055 356 2277 424 patrem

301 429 573 489 duorum·
600 434 902 489 Arctorum
937 426 1144 487 lovem
1190 441 1359 503 poeta
1407 440 1693 500 vocasset,
1743 427 1965 487 alterius
2022 436 2277 503 petrau,

305 508 532 569 alterius
576 525 785 580 avum,
833 520 892 567 et
933 505 1087 566 idem
1144 508 1357 567 Booten
1456 505 1644 568 uidem
1699 503 1894 572 (Fast
1925 526 2008 578 ιι,
2055 521 2177 583 ¹9⁰·
2201 504 2276 578 ),

302 605 477 663 quem
512 586 941 660 aliaslcarum,
973 584 1165 663 (Met.
1205 586 1292 662 (x
1324 626 1340 652 ,
1446 582 1585 662 o.)‚
1620 584 1753 643 iecit
1789 581 2065 643 Amdem
2086 622 2105 656 ‚
2142 580 2280 641 Cul-

300 666 457 725 listus
496 663 674 723 filiurn
698 708 718 740 ‚
759 679 816 725 at
840 683 1119 743 nusquam
1158 663 1313 723 huuc
1337 665 1546 722 Ursam
1569 663 1861 723 minorem.
1898 660 2039 719 Haec
2065 673 2281 720 contre

300 741 620 820 Sprengelis
647 742 1050 824 conjecturam.
1083 743 1282 810 Nunc,
1321 745 1339 801 i
1383 761 1438 801 se
1476 760 1650 821 quam
1676 740 2016 819 repererim,
2054 740 2168 798 acci
2260 779 2279 811 ,

300 820 574 881 audacem
600 842 729 883 sane
766 837 824 883 et
859 823 1010 882 hanc
1029 866 1047 895 ,
1071 819 1169 881 sed
1190 861 1209 893 ‚
1249 820 1293 880 si
1329 762 1468 882 gisa
1489 862 1509 895 ‚
1535 840 1649 880 non
1674 818 1927 880 inutilem
1967 816 2112 878 forte
2141 837 2177 877 o
2202 817 2214 830 '

300 897 494 958 locum
534 914 818 962 tentatum
838 942 857 974 ,
948 920 1079 960 uem
1111 912 1448 980 corruptum
1487 918 1712 992 prorsus
1755 897 1923 958 duco.

385 979 505 1039 Scis
533 1018 554 1053 ‚
608 977 845 1040 insulam
902 920 1228 1040 gibuinum
1266 982 1320 1040 in
1345 1034 1353 1038 .
1378 997 1538 1038 navis
1577 976 1817 1057 speciem
1863 994 1976 1036 esse
2015 974 2284 1036 lateribus

304 1054 656 1118 aedificatam.
685 1060 834 1119 Nota
857 1077 941 1117 res
964 1072 1079 1131 est;
1122 1058 1200 1117 ita
1234 1070 1419 1118 tamen
1437 1098 1455 1132 ‚
1479 1069 1542 1117 ut
1579 1056 1746 1117 latere
1775 1055 2064 1132 plerosque
2089 1055 2287 1114 libre-

305 1137 415 1193 rios
440 1137 683 1211 potuerit
705 1178 723 1209 ‚
743 1139 859 1197 imo
897 1136 1172 1195 debuerit.
1202 1137 1363 1215 Quid
1388 1154 1521 1213 ergo
1542 1133 1573 1196 ἒ)
1613 1143 1702 1197 An
1726 1130 1991 1194 credibile
2025 1133 2282 1206 videtur,

308 1213 590 1273 Ovidium
632 1213 803 1294 hujus
852 1216 929 1274 rei
979 1234 1082 1274 nec
1126 1216 1260 1275 alias
1287 1214 1630 1276 mentionem
1674 1214 1882 1284 ullam,
1932 1232 2001 1270 ne
2044 1233 2113 1271 ue
2169 1212 2285 1271 hoe

308 1290 433 1350 loco
456 1333 474 1364 ‚
510 1292 612 1352 ubi
654 1296 844 1355 insulae
880 1293 1123 1353 sormam
1166 1294 1410 1355 studiose
1451 1291 1746 1370 describit,
1788 1292 1978 1351 fecisse
2000 1336 2013 1348 .
2066 1290 2286 1352 Mireris

307 1370 597 1448 profecto,
629 1392 750 1432 rem
798 1388 916 1434 tam
953 1372 1329 1450 singularem,
1370 1387 1488 1432 tam
1531 1371 1872 1432 celebratam
1912 1368 1986 1427 ab
2028 1388 2096 1429 eo
2139 1387 2291 1446 prce-

311 1450 568 1530 teritum,
605 1469 720 1529 quo
757 1451 885 1512 loco
923 1452 1153 1509 minime
1178 1464 1484 1531 exspectes.
1521 1450 1737 1526 Quidni
1765 1467 1901 1526 ergo
1939 1458 2286 1522 scrutemur,

313 1547 385 1588 an
427 1530 589 1587 navis
633 1533 845 1591 mentio
884 1542 1149 1607 corrupta
1188 1527 1441 1608 quadam
1480 1548 1621 1589 voce
1667 1528 2015 1599 occultetur,
2060 1545 2191 1605 quae
2229 1538 2292 1587 et

306 1622 563 1685 suspecta
588 1608 791 1666 merito
812 1608 880 1667 sit
898 1650 916 1684 ‚
936 1622 993 1668 et
1016 1608 1150 1667 alias
1185 1608 1531 1667 mentionem
1566 1608 1721 1669 illam
1752 1607 2023 1687 quaerenti
2045 1605 2236 1663 faveat
2252 1602 2287 1664 ἓ

307 1686 486 1765 Atqui
520 1686 655 1746 talis
690 1700 776 1748 est
809 1687 866 1747 iu
925 1688 1101 1748 hocce
1136 1686 1265 1747 loco
1302 1706 1422 1747 vox
1460 1700 1654 1764 parte.
1705 1686 2049 1760 Enimvero,
2090 1681 2292 1744 endem

306 1782 412 1823 nec
453 1765 715 1839 tolerari,
748 1778 814 1827 ut
845 1768 1200 1839 monuimus,
1235 1777 1454 1844 potest,
1493 1780 1580 1838 et,
1620 1766 1778 1846 quod
1811 1761 2109 1824 commode
2147 1762 2290 1821 sub-

303 1843 570 1901 stituatur
591 1884 609 1917 ‚
651 1843 804 1904 aliud
861 1865 974 1904 uon
1008 1846 1226 1923 reperio
1268 1844 1368 1903 nisi
1419 1850 1588 1906 navis·
1643 1864 1742 1905 aut
1795 1845 2015 1921 puppis
2038 1883 2058 1916 ‚
2111 1839 2293 1902 forme

299 1920 535 2058 propius
571 1922 835 1986 accedens
872 1921 945 1982 ad
973 1937 1177 1998 parte,
1215 1936 1273 1982 et
1314 1925 1492 2016 poetis
1530 1921 1946 1985 usitatissimum
1979 1939 2083 1999 pro
2127 1933 2296 1979 naves

353 2001 609 2079 fingamus
648 2003 795 2061 enim
814 2044 832 2078 ‚
873 2016 1102 2080 poetam
1140 2001 1413 2073 scripsisse
1445 2001 1643 2064 later-u
1744 2022 1817 2060 ue
1852 2018 1895 2059 a
1924 2020 2120 2079 puppe
2143 1999 2295 2059 duo·

305 2098 437 2136 rum
456 2118 472 2150 ‚
518 2078 806 2155 fateberis,
848 2078 966 2159 jam
998 2079 1139 2139 nihil
1179 2077 1500 2152 offendere,
1535 2080 1634 2141 nisi
1677 2100 1715 2158 p
1764 2098 1943 2139 roseos
1981 2092 2292 2158 construe-7

308 2157 515 2215 tionem
530 2148 557 2232 ,¹
587 2179 690 2236 pro
723 2174 904 2237 parte
943 2171 1134 2217 autem
1170 2175 1283 2214 esse
1315 2154 1373 2211 id
1404 2155 1807 2224 substitutum,
1852 2155 2010 2232 quod
2051 2154 2292 2215 mirifice

302 2250 581 2312 congruat
635 2240 711 2296 rei
759 2232 1153 2294 describendae.
1202 2232 1439 2292 Sensum
1468 2243 1472 2252 ’
1499 2252 1672 2310 porro
1716 2232 1893 2291 habes
1939 2252 2051 2292 non
2108 2233 2292 2293 minus

236 2365 253 2374 ,
304 2325 608 2388 apertum,
664 2331 838 2390 quam
890 2322 1153 2368 manente
1184 2325 1395 2385 parte,
1438 2309 1697 2370 videlicet
1741 2330 1757 2369 ε
1799 2309 1974 2371 amnis
2006 2330 2042 2370 a
2096 2330 2292 2392 puppe

304 2388 553 2446 duorum
587 2388 825 2447 laterum
861 2388 1101 2466 aequales
1121 2386 1357 2448 lacertos
1395 2389 1666 2468 porrigit,
1697 2389 1733 2448 i.
1755 2408 1808 2448 e.
1847 2388 2077 2449 brachi·
2111 2389 2294 2451 amuis

308 2465 384 2523 ab
423 2477 665 2545 utroque
703 2469 876 2527 latere
911 2464 1143 2544 aequalia
1187 2483 1350 2544 suntt,
1404 2468 1556 2528 unde
1597 2468 1803 2546 pendet
1844 2465 2133 2530 Plutarchi
2181 2469 2290 2528 iu-

186 2553 193 2560 *
306 2543 440 2603 suloe
480 2545 767 2620 epitheton
801 2541 1234 2623 ”peccas-ousta,
1282 2560 1337 2605 et
1399 2546 1600 2608 Ovidii
1654 2549 1850 2610 media
1898 2545 2128 2610 tellure.
2172 2544 2289 2612 Sed

305 2621 363 2679 in
396 2623 879 2686 sensu-manifesto
904 2627 1140 2687 insolens
1156 2638 1351 2687 manet
1381 2624 1589 2701 dictio3
1616 2647 1719 2703 par
1740 2626 1891 2687 enim
1919 2638 2038 2687 erut
2064 2626 2250 2687 dicere
2269 2644 2289 2685 =

274 2700 486 2758 'amnis
528 2721 564 2761 a
615 2700 839 2764 duobus
880 2705 1145 2766 lateribus
1196 2706 1402 2783 puppis
1450 2706 1682 2783 porrigit
1724 2705 1967 2786 aequales
2021 2705 2291 2780 lacertos,

303 2797 418 2836 non
460 2796 478 2835 τ
512 2800 546 2839 a
574 2801 770 2859 puppe
810 2783 1057 2845 duorum
1095 2783 1359 2845 laterum.
1398 2781 1560 2858 Quid
1591 2784 1762 2857 binc,
1801 2783 1905 2842 uisi
1942 2783 2290 2863 hypallagen

305 2875 420 2915 esse
441 2896 460 2929 ·,
496 2861 724 2938 qualem
753 2881 921 2941 supra
958 2862 1233 2939 vidimus,
1270 2873 1496 2939 poetam
1544 2881 1611 2921 ue
1641 2861 1718 2920 ob
1754 2860 1993 2922 eandem
2029 2879 2290 2934 causam,

307 2936 439 3013 quia
470 2955 658 2999 versus
680 2940 796 2998 hoc
820 2962 932 3001 nou
956 2940 1263 3019 reciperet,
1293 2960 1397 3018 pro
1418 2958 1460 2998 a
1533 2939 1726 3001 uobus
1755 2938 2043 3000 lateribus
2070 2941 2291 3018 puppis·

303 3015 578 3153 scrIipsisse
613 3036 656 3077 a
696 3039 894 3098 puppe
935 3022 1187 3080 duomm
1218 3019 1473 3081 laterum
1489 3018 1524 3081 ἒ

304 3135 312 3141 -
444 3094 575 3155 abes
614 3096 804 3157 locum
842 3120 877 3157 a
912 3099 1085 3158 critici
1121 3098 1435 3160 incredibili
1473 3099 1782 3161 mutatione
1810 3098 1942 3160 satis
1972 3096 2286 3159 defensum.

302 3169 452 3230 Nam
490 3176 650 3253 quod
674 3176 769 3234 ille
805 3177 1116 3237 absurdum
1150 3178 1286 3238 dicit
1312 3177 1516 3238 insula
1552 3198 1765 3238 nomen
1799 3175 2011 3251 habet,
2051 3177 2160 3238 nisi
2190 3174 2288 3238 nd-

306 3246 474 3308 dstur
498 3293 516 3327 ‚
556 3254 706 3313 unde
738 3256 944 3315 habeat
967 3297 986 3331 ,
1019 3275 1132 3317 nou
1176 3256 1317 3316 tanti
1359 3272 1460 3318 est.
1483 3254 1642 3333 Quid
1679 3257 1831 3317 ⁴euim
1862 3255 2042 3316 voluit
2066 3270 2232 3335 poeta
2252 3251 2287 3318 ἓ

303 3326 462 3386 Nihil
499 3331 680 3404 aliud,
724 3334 825 3395 nisi
854 3334 1043 3394 locum
1081 3335 1315 3396 insulam
1357 3336 1682 3415 simplicitet
1722 3333 2021 3415 appellari3
2055 3349 2112 3395 et
2150 3351 2286 3395 vero
2339 3391 2349 3396 -

302 3407 383 3545 2¹3
425 3410 958 3552 ssss'ffizffissss’
1008 3417 1350 3553 33⁵⁹3⁰¹5¹¹m
1365 3413 2288 3554 daei¹m3⁰⁵ss¹ssa22⁰⁸ffsssffii⁹32

264 3603 273 3620 .
300 3566 580 3658 duumvir
634 3514 1362 3646 dedicavit-'Nemmjnugi'
1376 3514 1795 3652 parsofiuaedam
1832 3515 2241 3649 Syracusarm‘n
2260 3608 2283 3642 ‚

300 3663 379 3705 stc
439 3646 532 3706 illa
587 3667 712 3723 pars
763 3646 961 3708 Romae
1013 3651 1132 3710 insu
1158 3673 1188 3711 a
1240 3651 1564 3732 simpliciter
1619 3652 1795 3731 vulgo
1850 3647 2280 3729 adpellabatur,

294 3723 2283 3885 .‘22¹2222}'⁵⁸2⁵⁶²;¹²¹⁷22ffl3⁰.¹?522²affssssssffmtssssf’assimni&·

252 3927 257 3931 .
300 3881 455 3942 unde
490 3846 803 3963 cognomen
827 3828 1048 3946 trahet}
1079 3888 1347 3965 potuisset
1370 3909 1391 3963 τ,
1415 3908 1518 3949 nec
1540 3888 1780 3952 dubium
1809 3898 1923 3957 est,
1953 3883 2092 3962 quin
2155 3844 2281 3943 lure:

296 3961 574 4038 traxerim
602 3976 660 4025 et
699 3984 731 4025 a
762 3960 998 4028 flumine
1024 3964 1323 4027 tiberium
1357 3985 1504 4046 saepe
1532 3965 1757 4041 vocari,
1797 3983 1901 4044 par
1924 3975 2063 4028 eret.
2163 3961 2282 4024 uod
