2742 4509
1319 160 1704 334 Κ(33).

514 360 688 421 tantia
735 356 764 438 (
782 356 856 418 cf.
908 354 1064 436 Virg.
1116 373 1295 418 cerea
1340 376 1547 437 pruna
1564 356 1608 434 ).
1652 344 1982 418 Ferendum
2020 347 2255 439 saltem,
2295 364 2341 426 si
2372 363 2501 426 satis

510 440 794 499 habuisset
834 436 1017 515 legere
1064 443 1241 517 nigro
1270 435 1453 516 suco.
1500 435 1617 495 Sed
1664 455 1849 516 neque
1886 450 2011 513 est,
2049 460 2154 502 cur
2189 465 2400 519 succo..
2439 459 2498 504 et

484 519 693 588 „minus
722 516 892 575 etiam
910 557 929 588 ,
958 534 1060 574 cut·
1094 516 1303 577 mollia
1329 527 1597 574 mutetur.
1639 515 1815 591 Quod
1844 530 2036 579 autem
2068 519 2181 581 hac
2214 522 2498 586 occasione

510 598 567 655 in
609 595 801 673 AEsopi
844 592 1038 655 fabula
1075 616 1330 657 xxxviii.
1369 594 1588 653 criticus
1628 595 1892 656 emendat
1936 601 2006 662 ὤς
2063 599 2161 661 vii}
2203 599 2322 665 ἴση,
2370 598 2493 667 ἵης

508 695 616 813 pro
659 678 719 734 ix
756 680 855 735 ru}
898 671 1017 733 ἵνα,
1050 697 1068 749 3
1102 671 1218 752 jam
1260 693 1377 733 non
1417 672 1515 732 diu
1568 691 1817 752 quaeres,
1852 696 1955 737 cur
2011 694 2131 741 tam
2183 682 2379 744 inseiix
2422 686 2496 744 sit

533 755 685 816 atina
728 757 920 835 graecis
967 752 1253 814 vocabulis
1296 751 1618 811 emendans.
1664 754 1948 816 Caeterum
1987 760 2045 819 in
2087 761 2211 820 loco
2254 762 2493 839 ovidii,-

499 852 581 891 ·ne
606 834 756 894 male
793 834 866 896 ad
915 852 1085 891 corna
1122 830 1394 890 referatur
1426 835 1605 909 nigro
1625 852 1845 907 succo,
1889 838 1915 897 (
1932 852 2060 898 sunt
2106 841 2257 899 enim
2296 831 2489 901 rubra.

511 909 600 970 Cf.
625 914 785 992 Virg.
811 912 1089 993 lapidosa
1102 910 1410 970 rubescere
1431 910 1677 988 corna.)
1694 902 2041 995 subintellige
2065 918 2268 979 mollia
2290 918 2452 1000 leges
2468 941 2495 995 ,-

510 1011 639 1129 nlec·
659 994 845 1053 minus
881 992 952 1051 ad
977 1010 1181 1071 pruna
1218 986 1362 1049 refer
1402 988 1497 1049 vel
1539 989 1749 1051 mollia
1795 992 1954 1073 leges
1975 1038 1993 1073 ,
2036 996 2127 1056 vel
2167 996 2326 1078 leges
2352 997 2490 1059 sim-

464 1107 467 1111 ·
572 1086 742 1134 tctter.
1206 1131 1211 1136 ,
2280 1125 2285 1134 .

509 1090 549 1150 p
588 1151 776 1224 XIII,
805 1150 915 1210 821
941 1194 959 1222 ,
997 1147 1273 1229 (Spreng.
1323 1167 1380 1227 p.
1411 1146 1552 1229 95.)
1576 1151 1799 1213 criticus
1819 1194 1839 1226 ‚
1876 1168 2207 1233 comparato
2244 1175 2360 1231 xv,
2387 1174 2490 1234 17,

504 1227 688 1308 pleno
709 1250 849 1307 quoe
862 1228 1061 1309 fertis
1094 1229 1272 1289 ahere
1299 1243 1531 1305 nectar,
1568 1244 1623 1289 et
1662 1232 1820 1312 Virg.
1857 1234 2149 1295 distentas
2181 1234 2342 1295 lacte
2377 1252 2495 1295 ca·-

506 1306 735 1385 pellas‚
774 1307 1026 1369 decernit
1059 1322 1302 1368 nectare
1336 1327 1442 1387 pro
1479 1310 1757 1371 cruribus
1795 1313 1894 1387 (v.
1941 1310 2124 1391 826.)
2161 1315 2217 1375 in
2252 1313 2382 1376 loco

578 1447 694 1501 Hoc
717 1465 876 1521 pecus
907 1465 1060 1499 omne
1090 1465 1260 1499 meum
1291 1455 1370 1498 est
1402 1445 1572 1498 multae
1601 1464 1802 1519 quoque
1841 1446 2059 1502 vallibus
2094 1461 2295 1518 errant,

579 1515 772 1569 Multas
806 1514 949 1585 sylva
980 1518 1112 1587 tegit
1129 1555 1145 1584 ,
1186 1513 1358 1567 multo
1389 1513 1709 1567 stabulantur
1746 1517 1802 1569 in
1844 1518 2004 1569 antris
2047 1534 2062 1567 ε

578 1582 731 1649 Nec,
770 1585 818 1636 si
857 1584 990 1637 forte
1036 1601 1219 1655 roges,
1255 1581 1447 1653 possim
1486 1582 1584 1633 tibi
1625 1581 1834 1648 dicere,
1907 1595 2000 1634 not
2037 1584 2163 1636 sint.

579 1649 829 1721 Pauperis
863 1663 943 1703 est
980 1666 1244 1702 numerare
1272 1664 1427 1717 pecus
1466 1664 1480 1698 ε
1521 1647 1588 1698 de
1621 1646 1857 1698 laudibus
1926 1662 2068 1695 arum

579 1716 672 1769 Nil
703 1717 831 1769 mihi
860 1716 1139 1768 credideris
1175 1731 1191 1761 ε
1224 1727 1445 1779 praesens
1478 1726 1625 1778 potes
1655 1713 1766 1778 ipsa
1804 1710 2012 1774 videre,

580 1784 661 1839 Ut
695 1789 782 1842 vix
804 1786 1089 1838 sustineant
1129 1776 1411 1829 distentum
1441 1776 1694 1838 eruribus}
1710 1776 1855 1828 uber.

512 1913 754 1973 Hiatum
790 1925 1013 1969 causam
1045 1903 1250 1978 fuisse,
1277 1916 1555 1983 corruptae
1592 1903 1745 1963 vocis
1765 1925 1784 1978 ς
1807 1905 1963 1965 hune
2001 1903 2292 1967 librarium
2312 1909 2493 1971 vehe-

513 1995 755 2051 mentius
798 1982 1111 2054 horruisse‚
1151 1999 1325 2059 quam
1367 1981 1653 2060 ineptiam.
1704 1984 1799 2044 Sic
1839 1986 2082 2061 criticus.
2131 1986 2324 2062 Quem
2357 1989 2492 2049 cum

512 2082 753 2128 nectare
784 2061 1066 2119 mittentes
1088 2104 1103 2133 ,
1140 2060 1279 2141 quid
1320 2074 1487 2139 poeta
1520 2061 1837 2140 scripserit,
1886 2065 2056 2141 paulo
2090 2064 2248 2122 aliter
2284 2067 2493 2147 inqui-

466 2147 473 2154 '
510 2164 715 2204 ramus.
768 2138 1084 2213 Cruribus,
1124 2142 1275 2202 varie
1312 2140 1670 2217 expositum,
1713 2140 1841 2220 jure
1885 2156 2215 2217 suspectum,
2248 2147 2491 2219 mansit3

511 2244 645 2284 nam
683 2240 817 2293 nec,
840 2239 942 2297 pro
981 2224 1138 2281 inter
1161 2240 1346 2282 crura
1386 2219 1603 2280 dictum
1635 2240 1749 2280 esse
1775 2263 1792 2295 ‚
1827 2221 2090 2282 credibile
2130 2220 2390 2296 videtur,
2433 2236 2493 2282 et

511 2304 712 2364 melius
727 2298 861 2381 quid
872 2298 1185 2374 adferatur,
1206 2322 1323 2362 non
1338 2298 1523 2362 video.
1543 2298 1722 2379 Finge
1735 2300 1908 2380 igitur
1924 2300 2205 2361 Ovidium
2218 2299 2492 2380 scripsisse

780 2463 846 2482 --
880 2436 1109 2489 Prusens
1138 2451 1288 2506 potes
1323 2441 1435 2507 ipsa
1467 2436 1674 2501 videre,

647 2506 725 2562 Ut
756 2506 842 2562 vix
871 2504 1207 2568 circumeant,
1245 2503 1529 2555 distentum
1563 2505 1811 2556 matribus
1851 2506 1998 2559 uber.

512 2634 641 2694 Non
687 2629 795 2691 erit
815 2672 834 2707 ‚
869 2649 972 2688 cur
1012 2625 1328 2705 quidquam
1371 2627 1764 2707 reprehendas.
1806 2629 1952 2691 Sunt
1991 2630 2145 2689 enim
2191 2641 2250 2690 et
2293 2629 2497 2691 mani-

510 2712 654 2774 festo
685 2728 823 2769 oves
857 2721 1062 2770 matres
1100 2705 1232 2781 (cf.
1259 2707 1418 2785 Virg.
1459 2722 1740 2769 excretos
1777 2707 2095 2786 prohibent
2125 2727 2167 2769 a
2203 2709 2498 2770 matribus

512 2788 759 2864 hoedos)
795 2807 933 2869 quas
975 2787 1071 2846 hic
1111 2786 1339 2866 cyclops
1387 2784 1585 2846 laudat
1616 2789 1801 2866 ipsum
1856 2802 2069 2848 secutas
2110 2787 2222 2864 (v.
2262 2787 2394 2868 781.
2425 2788 2498 2866 ),

510 2883 570 2930 et
613 2871 672 2928 in
708 2868 851 2928 colle
883 2864 1096 2926 sedenti
1131 2867 1388 2944 proxime
1420 2880 1734 2944 pascentes,
1773 2880 1830 2924 et
1872 2865 2165 2944 quomodo
2204 2867 2383 2945 magis
2405 2886 2499 2928 eas

511 2949 770 3028 aptiusve
830 2946 1118 3017 Galatae,
1176 2962 1354 3022 quam
1410 2958 1737 3021 praesentem
1771 2945 1973 3022 fingit,
2019 2946 2326 3019 laudaret,
2378 2967 2498 3006 non

511 3028 671 3089 facile
694 3026 912 3087 dixeris.
938 3025 1066 3083 Jam
1082 3065 1100 3095 ‚
1132 3041 1237 3100 pro
1258 3023 1546 3083 matribus
1567 3024 1689 3103 lege
1721 3024 2010 3083 cruribus.
2048 3024 2135 3084 Ne
2155 3025 2232 3084 sic
2260 3023 2496 3103 quidem

511 3106 665 3166 aliud
697 3124 925 3185 carpes,
974 3119 1149 3179 quam
1183 3102 1489 3176 cruribus,
1541 3123 1653 3162 non
1702 3101 1857 3182 quod
1895 3103 2015 3182 ipsa
2053 3122 2170 3162 vox
2202 3102 2491 3178 offendat3

510 3185 607 3245 sed
653 3202 810 3242 casus
852 3201 964 3242 non
1010 3180 1293 3239 convenit.
1337 3180 1502 3256 Quid
1546 3182 1681 3241 hinc
1725 3180 2154 3259 colligendum?
2198 3188 2497 3261 primum,

509 3267 629 3324 sive
676 3262 824 3340 legas
873 3258 1200 3332 matribus,
1255 3259 1373 3318 sive
1414 3260 1692 3321 cruribus
1714 3303 1732 3337 ‚
1778 3280 1895 3320 non
1939 3281 2052 3321 esse
2107 3260 2498 3324 damnandum

509 3347 871 3402 circumeant
891 3381 909 3414 ,
934 3338 1034 3399 vul
1074 3356 1225 3397 arem
1244 3337 1505 3399 codicum
1526 3340 1842 3416 multorum
1869 3338 2163 3402 lectionem
2179 3383 2198 3414 ,
2216 3342 2273 3402 in
2291 3340 2498 3421 quibus

507 3420 696 3500 regius
723 3417 985 3477 Lemairii
1016 3437 1048 3475 a
1075 3432 1160 3475 ter
1184 3420 1548 3477 circumeant
1568 3460 1585 3490 ‚
1624 3418 1766 3478 alter
1792 3421 2119 3480 circueant.
2161 3421 2322 3498 Quid
2347 3418 2499 3479 enim

510 3500 853 3570 damnetur,
880 3518 1000 3577 quo
1036 3497 1109 3555 ad
1145 3514 1369 3556 sensum
1402 3497 1603 3557 melius
1627 3500 1887 3573 -reperire
1932 3518 2179 3576 nequeas
2202 3501 2233 3559 ἐ’
2271 3495 2496 3558 Deinde

507 3577 771 3657 colliges,
792 3575 995 3635 falsum
1027 3596 1141 3636 esse
1159 3579 1492 3636 sustineant
1514 3618 1533 3650 ,
1564 3577 1637 3635 ab
1673 3576 1906 3638 Heinsio
1933 3599 1965 3638 e
1997 3579 2249 3660 quinque
2272 3575 2496 3635 codici-—
2579 3639 2594 3648 .

504 3659 614 3718 bus
640 3670 698 3716 et
737 3654 1074 3716 editionibus
1125 3654 1410 3714 nonnuliis
1462 3668 1793 3734 receptum3
1842 3656 2042 3726 falsum
2067 3698 2084 3732 ‚
2129 3656 2261 3734 quia
2300 3653 2497 3712 litteris

503 3737 747 3796 nimium
788 3734 1067 3812 discrepat
1111 3752 1145 3792 a
1181 3738 1583 3808 circumeant,
1631 3751 1816 3815 neque
1860 3739 2005 3798 adeo
2036 3734 2312 3810 conjicere
2363 3731 2494 3790 iicet

504 3833 611 3893 pro
665 3816 999 3874 sustineant
1047 3811 1339 3872 librarium
1382 3816 1655 3893 scripsisse
1685 3819 2071 3877 circumeant.
2129 3810 2244 3872 Sed
2296 3810 2500 3871 falsum

504 3891 844 3959 luculentius
871 3894 1087 3974 arguit,
1111 3891 1272 3972 quod
1302 3892 1509 3954 nemini
1535 3916 1675 3956 sano
1694 3894 1753 3953 in
1776 3910 2026 3959 mentem
2059 3890 2253 3950 venire
2275 3901 2497 3970 poterat

505 3983 567 4046 in
605 3971 797 4052 phrasi
834 3973 984 4039 clara
1027 3986 1092 4034 ut
1126 3975 1241 4033 vix
1276 3976 1636 4038 sustineant
1652 3973 1795 4037 uber
1838 3994 1943 4054 pro
1991 3970 2319 4034 sustineant
2354 3969 2495 4031 scri·
2561 4045 2570 4051 1
