2742 4509
1318 163 1702 336 (NB).

513 364 686 425 tantia
733 358 854 441 (cf.
906 357 1062 439 Virg.
1115 375 1294 421 cerea
1338 379 1547 442 pruna
1564 359 1607 437 ).
1651 356 1978 420 Ferendum
2016 347 2251 440 saltem,
2291 365 2337 426 si
2369 365 2499 427 satis

508 443 793 502 habuisset
832 439 1015 518 legere
1062 447 1240 521 nigro
1270 437 1453 519 fuco·
1499 437 1617 498 Sed
1664 457 1847 519 neque
1884 453 2007 514 est,
2044 461 2150 503 cur
2186 466 2396 521 succe,
2435 460 2496 506 et

508 523 691 581 minus
720 519 927 592 etiam,
957 538 1060 578 cut·
1092 519 1303 580 mollia
1328 530 1597 577 mutetur.
1638 517 1812 595 Quod
1842 532 2032 580 autem
2064 520 2177 582 hac
2210 523 2498 587 occasione

508 601 565 659 in
608 597 800 677 AEsopi
843 597 1037 659 fabula
1074 619 1329 661 xxxvm.
1369 596 1588 656 criticus
1629 598 1891 659 emendat
1932 602 2001 664 eie
2059 601 2157 662 rii}
2199 600 2319 665 ἴου,
2368 599 2494 668 ἵης

507 698 615 816 pro
657 681 718 737 ix
756 683 855 739 rofi
899 675 1017 738 ἴσω
1049 700 1067 753 3
1102 675 1217 757 jam
1260 695 1376 736 non
1417 674 1516 735 diu
1567 694 1816 755 quaeres,
1850 698 1952 738 cur
2007 695 2128 743 tam
2180 684 2375 746 infelix
2419 686 2494 745 sit

532 758 684 819 atina
728 761 920 840 graecis
967 755 1252 816 vocabulis
1296 754 1619 814 emendans.
1664 758 1947 819 Caeterum
1985 762 2043 821 in
2085 762 2208 822 loco
2250 763 2492 839 Ovidii,

498 857 581 895 ne
605 839 757 898 male
793 839 866 900 ad
913 855 1084 895 corna
1120 832 1395 892 referatur
1427 838 1605 911 nigro
1625 856 1845 911 succo,
1887 840 1913 916 ζ
1930 854 2058 900 sunt
2104 842 2254 901 enim
2292 833 2488 902 rubra.

511 914 601 974 Cf.
624 918 784 996 Virg.
811 916 1088 995 lapidosa
1101 912 1411 972 rubescere
1432 913 1677 988 corna.)
1694 916 2039 998 subintellige
2063 920 2265 981 mollia
2288 919 2448 1001 leges
2466 942 2494 996 ,-

510 1015 639 1133 οἷς.
659 996 844 1056 minus
881 994 952 1054 ad
977 1012 1181 1073 pruna
1218 989 1363 1052 refer
1403 991 1499 1051 vel
1540 991 1749 1053 mollia
1794 995 1952 1076 leges
1973 1041 1991 1076 ,
2035 998 2128 1059 vel
2167 998 2324 1079 leges
2350 997 2489 1060 sim-

573 1090 742 1138 iciter.
2278 1127 2284 1136 .

509 1093 550 1154 P
588 1154 775 1227 XIII,
805 1151 913 1212 821
941 1195 958 1224 ,
996 1149 1274 1231 (Spreng.
1325 1171 1382 1229 p.
1412 1148 1553 1232 95.)
1577 1151 1799 1214 criticus
1820 1195 1839 1227 ,
1876 1171 2205 1235 comparato
2243 1177 2359 1233 xv,
2387 1176 2492 1236 17,

505 1231 687 1312 pleno
709 1251 848 1309 quoe
861 1229 1062 1310 sertis
1095 1230 1272 1290 ubere
1299 1246 1533 1307 nectar,
1570 1245 1624 1290 et
1662 1232 1821 1312 Virg.
1858 1235 2149 1297 distentas
2182 1236 2342 1297 lacte
2378 1254 2497 1297 ca-

506 1308 734 1388 pellas,
776 1309 1025 1371 decernit
1059 1324 1302 1371 nectare
1337 1329 1443 1391 pro
1481 1311 1757 1372 cruribus
1795 1313 1896 1388 (v.
1942 1311 2124 1392 826.)
2161 1317 2216 1376 in
2252 1315 2383 1377 loco

578 1450 694 1504 Hoc
718 1468 876 1525 pecus
908 1467 1061 1502 omne
1092 1467 1261 1501 meum
1293 1459 1371 1501 est
1404 1448 1574 1502 multoe
1603 1467 1804 1523 quoque
1843 1446 2060 1505 vallibus
2095 1462 2296 1519 errant,

579 1518 773 1573 Multas
807 1517 949 1589 sylva
982 1521 1113 1590 tegit
1130 1558 1147 1586 ,
1187 1515 1360 1570 multe
1391 1516 1711 1571 stabulantur
1748 1520 1804 1571 in
1847 1519 2005 1571 antris
2048 1535 2063 1569 z

579 1586 693 1639 Nee
714 1624 732 1652 ,
771 1589 819 1639 si
858 1588 991 1638 forte
1037 1603 1221 1658 roges,
1258 1585 1450 1656 possim
1489 1586 1588 1637 tibi
1628 1585 1837 1652 dicere,
1910 1598 2002 1637 uot
2040 1586 2164 1637 sint.

580 1652 830 1721 Pauperis
864 1663 942 1702 est
980 1668 1247 1703 numerare
1274 1668 1431 1720 pecus
1470 1670 1484 1702 ε
1525 1652 1591 1702 de
1624 1650 1860 1702 laudibus
1929 1665 2070 1699 arum

580 1717 673 1769 Nil
703 1716 830 1768 mihi
860 1715 1141 1766 credideris
1179 1733 1194 1765 ε
1227 1731 1449 1782 praesens
1482 1730 1629 1783 potes
1659 1717 1769 1783 ipsa
1808 1714 2016 1778 videre,

581 1784 661 1837 Ut
695 1786 781 1839 vix
804 1782 1091 1835 sustineant
1133 1778 1417 1833 distentum
1447 1781 1700 1842 eruribus*
1715 1780 1859 1833 uber.

514 1912 754 1971 Hiatum
791 1927 1014 1968 causam
1049 1907 1256 1983 fuisse,
1283 1921 1561 1987 corruptae
1598 1908 1968 1982 vocis3hunc
2005 1907 2297 1970 librarium
2316 1911 2498 1972 vehe-

514 1993 757 2050 mentius
801 1987 1116 2062 horruisse,
1157 2003 1332 2064 quam
1375 1986 1659 2065 ineptiam.
1710 1988 1804 2048 Sic
1845 1989 2087 2064 criticus.
2136 1988 2328 2064 Quem
2361 1991 2498 2050 cum

514 2083 757 2129 nectare
790 2066 1072 2125 mittentes
1095 2110 1110 2139 ,
1147 2065 1287 2146 quid
1327 2079 1495 2144 poeta
1526 2066 1843 2144 scripserit,
1890 2069 2061 2146 paulo
2095 2067 2254 2126 aliter
2289 2069 2499 2149 inqui—

468 2147 475 2152 ’
513 2169 720 2209 ramus.
773 2143 1091 2219 orm-ibus,
1131 2146 1282 2206 varie
1320 2144 1677 2221 expositum,
1720 2145 1848 2224 jure
1892 2158 2221 2220 suspectum,
2253 2147 2497 2221 mansit3

515 2248 650 2287 nam
689 2246 824 2298 nec,
888 2245 950 2283 ro
988 2229 1146 2286 inter
1169 2244 1354 2286 crura
1394 2222 1611 2283 dictum
1642 2243 1756 2283 esse
1782 2267 1800 2297 ,
1834 2224 2096 2284 credibile
2136 2223 2397 2297 videtur,
2439 2237 2500 2282 et

516 2308 717 2369 melius
733 2305 828 2386 qui
879 2303 1192 2376 adferatur,
1213 2325 1331 2365 non
1346 2301 1530 2364 video.
1551 2301 1730 2382 Finge
1743 2303 1915 2383 igitur
1931 2303 2212 2363 Ovidium
2225 2301 2498 2381 scripsisse

788 2468 854 2488 --
887 2442 1116 2494 Prusens
1145 2455 1296 2511 potes
1330 2443 1443 2510 ipsa
1474 2440 1683 2505 videre,

652 2510 731 2566 ‘Ut
761 2511 849 2565 vix
878 2509 1214 2573 circumeant,
1253 2507 1536 2559 distentum
1570 2508 1819 2560 matribus
1858 2508 2005 2561 uber.

518 2636 648 2696 Non
696 2632 841 2709 erit,
876 2651 979 2691 cur
1019 2629 1335 2710 quidquam
1380 2630 1771 2711 reprehendas.
1813 2633 1959 2693 Sunt
1998 2632 2151 2692 enim
2197 2643 2255 2690 et
2299 2630 2502 2691 mani-

514 2715 663 2776 festo
693 2730 831 2772 oves
864 2725 1070 2772 matres
1108 2709 1240 2786 (cf.
1267 2711 1424 2789 Virg.
1467 2725 1747 2772 excretos
1784 2709 2101 2788 prohibent
2131 2729 2173 2770 a
2209 2709 2503 2770 matribus

520 2791 767 2868 hoedos)
803 2810 941 2870 quas
983 2791 1078 2850 hic
1119 2791 1347 2871 cyclops
1393 2790 1592 2851 laudat
1623 2792 1807 2869 ipsum
1862 2803 2076 2849 secutas
2116 2788 2151 2864 (
2170 2808 2228 2849 v.
2267 2787 2401 2869 781.
2430 2787 2504 2866 ),

518 2888 577 2934 et
622 2875 680 2932 iu
717 2872 859 2930 colle
891 2867 1103 2929 sedenti
1139 2871 1395 2948 proxime
1426 2883 1740 2947 pascentes,
1780 2882 1836 2926 et
1878 2866 2171 2946 quomodo
2211 2867 2388 2945 magis
2410 2886 2505 2929 eas

424 2979 429 2988 *
519 2953 779 3032 aptiusve
839 2949 1126 3021 Galateae,
1183 2965 1360 3026 quam
1416 2960 1743 3024 praesentem
1778 2946 1979 3023 fingit,
2027 2946 2331 3020 laudaret,
2384 2967 2503 3006 non

519 3031 680 3091 facile
703 3030 921 3089 dixeris.
946 3027 1073 3086 Jam
1090 3068 1108 3097 ,
1138 3045 1244 3103 pro
1265 3026 1553 3086 matribus
1573 3026 1695 3105 lege
1726 3025 2017 3085 cruribus.
2054 3025 2142 3085 Ne
2161 3026 2239 3085 sic
2267 3023 2503 3103 quidem

519 3108 675 3168 aliud
706 3126 933 3185 carpes,
980 3122 1156 3182 quam
1191 3104 1495 3178 cruribus,
1547 3125 1659 3164 nou
1709 3102 1864 3184 quod
1901 3104 2022 3183 ipsa
2057 3124 2175 3163 vox
2209 3102 2498 3178 offendat3

518 3186 615 3246 sed
661 3204 818 3244 casus
862 3203 971 3243 non
1017 3182 1299 3242 convenit.
1344 3182 1507 3258 Quid
1552 3184 1687 3243 hinc
1732 3182 2160 3261 colligendum?
2205 3188 2503 3262 primum,
2547 3209 2550 3214 ⁴

517 3268 636 3326 sive
684 3264 832 3342 legas
882 3260 1207 3335 matribus,
1261 3262 1379 3320 sive
1421 3261 1699 3324 cruribus
1719 3305 1739 3338 ,
1784 3282 1902 3322 non
1945 3282 2059 3323 esse
2113 3260 2504 3324 damnandum

392 3381 412 3397 κ
516 3349 880 3404 circumeant
899 3383 918 3416 ,
943 3339 1041 3401 vul
1081 3358 1232 3399 arem
1251 3338 1512 3402 codicum
1531 3342 1849 3418 multorum
1876 3339 2169 3402 lectionem
2185 3382 2203 3414 ,
2224 3342 2279 3402 in
2298 3340 2504 3421 quibus

516 3422 704 3503 regius
732 3419 993 3480 Lemairii
1025 3439 1057 3477 a
1083 3433 1167 3478 ter
1192 3422 1555 3479 circumeant
1575 3462 1593 3493 ,
1631 3422 1773 3480 alter
1799 3424 2126 3482 circueant.
2168 3421 2330 3498 Quid
2354 3418 2504 3478 enirn

519 3502 862 3573 damnetur,
888 3520 1007 3579 quo
1044 3499 1117 3557 ad
1153 3516 1377 3558 sensum
1409 3500 1609 3560 melius
1635 3501 1894 3575 -reperire
1938 3519 2186 3577 nequeas
2209 3500 2240 3559 ἐ’
2278 3495 2500 3558 Deinde

517 3581 780 3661 colliges,
800 3578 1003 3639 falsum
1035 3598 1149 3639 esse
1168 3582 1499 3638 sustineant
1520 3620 1540 3652 ,
1570 3578 1645 3637 ab
1680 3578 1912 3639 Heinsio
1940 3600 1972 3639 e
2004 3580 2256 3661 quinque
2278 3575 2501 3636 codici-
2579 3637 2590 3648 .

514 3661 623 3721 hus
649 3673 708 3719 et
746 3657 1081 3719 editionibus
1133 3656 1418 3717 nonnuliis
1469 3669 1799 3736 receptum3
1849 3658 2048 3728 falsum
2073 3700 2091 3732 ,
2136 3656 2268 3746 quia
2307 3653 2502 3712 litteris

512 3740 756 3800 nimium
797 3737 1074 3815 discrepat
1119 3755 1152 3794 a
1189 3741 1591 3810 circumeant,
1638 3753 1822 3817 neque
1867 3740 2011 3799 adeo
2043 3735 2319 3811 conjicere
2371 3731 2500 3792 licet

513 3837 621 3896 pro
674 3819 1007 3878 sustineant
1055 3815 1347 3875 librarium
1389 3818 1662 3895 scripsisse
1691 3819 2078 3879 circumeant.
2136 3811 2252 3873 Sed
2303 3810 2503 3871 salsum

513 3895 852 3962 luculentius
879 3897 1094 3976 arguit,
1118 3893 1279 3975 quod
1311 3895 1516 3956 nemini
1541 3918 1680 3959 sano
1700 3896 1760 3955 in
1783 3912 2033 3961 mentem
2066 3891 2260 3951 venire
2281 3901 2502 3969 poterat

515 3985 576 4047 fin
614 3973 804 4053 phrasi
842 3976 991 4041 clara
1032 3989 1099 4036 ut
1133 3977 1247 4035 vix
1283 3976 1802 4041 sustineant'uber
1845 3996 1949 4057 pro
1998 3971 2326 4054 sustineant
2361 3969 2499 4031 scri·
2559 4043 2566 4048 ο
