2742 4509
318 383 562 462 Vq5o,
605 340 877 467 (Sprengss
911 403 972 463 p.
1025 272 1176 465 19.)c
1204 272 1432 443 gigans
1475 382 1533 443 in
1572 382 1701 443 loco

506 537 572 554 -
597 511 769 584 Quam
811 509 1102 579 (formam)
1133 509 1296 563 divite
1336 508 1483 563 cultu

508 578 742 653 Augebat
757 615 776 646 ‚
803 578 886 631 his
921 575 1091 630 adhuc
1104 607 1111 612 ·
1124 578 1327 631 octonis
1357 580 1561 651 integer
1592 579 1741 630 annis
1757 612 1777 645 ‚
1863 623 1872 630 ,,

246 701 480 774 integer
527 697 600 755 ab
646 695 909 755 omnibus
945 692 1341 771 interpretibus
1389 692 1529 752 falso
1566 690 1854 753 redditum
1891 710 2040 769 esse,
2068 707 2235 774 'pro-

250 777 472 838 nuntiat
493 795 515 848 ς
535 793 601 834 ac
618 795 748 834 sane
783 771 1045 832 dubitare
1080 771 1283 850 possis,
1315 771 1743 838 innocentemne
1760 769 1908 838 dicas
1930 769 2196 846 iuvenem
2215 815 2236 847 ‚

222 853 409 933 ›quod
427 845 957 934 placet'Sprengeli,
978 870 1050 910 an
1078 851 1294 929 integra
1325 850 1443 909 sive
1469 847 1708 908 florente
1741 861 1918 909 aetate.
1950 849 2233 910 Posterius
2264 850 2267 853 ’

172 959 177 966 ·
251 932 434 1003 malo,
469 932 604 1010 quia
639 929 907 1004 credibile
922 948 1043 996 non
1080 926 1340 1003 videtur,
1488 943 1604 987 tam
1631 928 1754 986 loco
1796 942 1915 988 tam
1948 928 2127 988 alieno
2154 930 2230 988 ad

251 1028 563 1089 puerorum
617 1009 819 1082 Romae
871 1007 1286 1082 corruptionem
1341 1026 1375 1065 a
1398 1007 1602 1066 lusisse.
1642 1003 1762 1064 Sed
1801 1006 1897 1065 hic
1937 1020 2036 1068 aut
2067 1007 2235 1076 ⁸nulla

253 1102 358 1148 aut
386 1087 529 1147 levis
563 1086 738 1144 critici
771 1086 970 1163 culpa,
1010 1086 1068 1145 ni
1102 1085 1385 1145 vocabulo
1405 1128 1421 1156 ,
1463 1104 1496 1144 a
1528 1104 1587 1143 se
1621 1103 1763 1156 uno,
1802 1097 2108 1159 ut‘putat‚
2140 1087 2234 1162 in·-

250 1166 478 1226 tellecto
510 1163 583 1223 ad
616 1164 992 1242 gravissimum
1006 1183 1269 1224 ,errorem
1297 1162 1598 1222 duceretur
1625 1162 1681 1223 in
1720 1163 1845 1221 loco
1870 1162 2185 1244 Propertii<

389 1289 484 1366 Me»
522 1329 723 1383 quoque
758 1313 1010 1366 consimili
1042 1309 1346 1383 impositum
1387 1312 1669 1384 torquerier
1702 1312 1846 1383 igni,

391 1379 589 1433 Juraho
630 1391 682 1431 et
708 1379 787 1433 his
829 1399 919 1433 sex
961 1382 1161 1454 integer
1203 1397 1313 1431 esse
1347 1378 1479 1434 dies,

261 1499 622 1576 Obstupesco
637 1538 656 1569 .‚
677 1496 859 1574 inquit
880 1496 1131 1572 criticus,
1159 1493 1442 1555 neminem
1460 1493 1915 1556 animadvertisse
1937 1497 2238 1559 ridiculum

251 1577 521 1637 mendum
547 1594 569 1650 ς
623 1602 726 1623 --·
763 1575 1102 1654 *Propertius
1160 1573 1377 1650 scripsit
1422 1574 1568 1634 deos
1605 1597 1628 1648 ,-
1690 1592 1893 1652 nempe
1946 1576 2237 1638 librarium

253 1658 532 1732 ignorasse
549 1697 566 1728 ,
591 1656 803 1731 jurare
828 1654 1002 1713 deum
1036 1649 1146 1714 dici
1164 1672 1270 1733 pro
1286 1654 1506 1729 jurare
1527 1672 1646 1731 per
1668 1653 1834 1711 deum
1850 1676 1875 1727 ,-
1897 1651 2041 1712 forte
2065 1657 2237 1714 etiam

253 1734 520 1811 cogitasse
540 1776 559 1809 ,
583 1731 890 1791 maledictis
915 1730 1146 1812 paganis
1170 1728 1553 1811 (verdammte
1573 1728 1820 1808 Heiden)
1838 1733 2078 1808 amplius
2096 1733 2237 1792 duo·
2261 1784 2268 1808 ,

253 1811 444 1870 decim
482 1810 614 1870 deos
650 1807 830 1870 fnisse.
858 1811 1001 1871 Vult
1047 1812 1256 1870 scilicet
1276 1849 1297 1886 ‚
1337 1822 1565 1887 poetam
1601 1828 1702 1887 per
1745 1809 1896 1870 Deos
1935 1809 2236 1872 Consentes

254 1888 461 1968 jurare.
511 1891 662 1965 Quae
716 1907 889 1964 quam
944 1890 1054 1948 sint
1091 1890 1259 1970 plena
1296 1886 1606 1958 futilitatis,
1643 1906 1734 1946 me
1766 1901 2015 1964 tacente,
2045 1890 2233 1965 vides3

250 1967 351 2027 sed
389 1966 606 2047 plenius
634 1967 846 2043 patebit
874 1968 1032 2027 exiis
1052 2009 1070 2040 ,
1109 1988 1238 2049 qnae
1271 1966 1379 2025 alio
1426 1968 1548 2025 loco
1583 1964 1654 2025 ad
1693 1967 1964 2047 Propertii
2000 1968 2083 2026 ele
2126 1970 2237 2029 iam

255 2046 571 2120 adnotatum,
608 2065 722 2104 non
758 2062 837 2105 est
881 2047 1030 2106 enim
1063 2046 1272 2108 felicior
1309 2045 1429 2103 haec
1461 2043 1811 2116 emendatio,
1846 2038 2021 2125 {luam
2061 2061 2235 2107 atera

259 2124 317 2182 in
356 2123 690 2204 praecedenti
729 2144 929 2200 versu,
969 2124 1188 2202 ubipro
1228 2123 1556 2195 impositum
1579 2121 1714 2196 legit
1754 2119 1902 2195 zeli,
1928 2123 2016 2189 ‚ad
2052 2144 2234 2202 graeca

252 2200 352 2261 liic
378 2205 625 2280 primum
660 2222 984 2274 recurrens,
1059 2218 1190 2256 nam
1217 2212 1384 2252 novae
1414 2212 1535 2271 ejus
1568 2196 1769 2253 criticae
1806 2197 2027 2274 partem
2066 2222 2235 2279 supra

253 2282 564 2358 attigimus.
585 2282 704 2339 Cur
724 2293 916 2337 autem
957 2294 1022 2333 ze
1048 2272 1114 2331 i?
1136 2273 1316 2348 Quia,
1340 2270 1549 2349 inquit,
1587 2290 1702 2330 non
1737 2274 1806 2331 de
1839 2282 2008 2349 vero,
2040 2278 2135 2334 sed
2161 2279 2234 2338 de

254 2357 556 2433 zelotypiae
600 2356 731 2427 igne
773 2370 956 2407 sermo
1008 2362 1109 2407 est.
1157 2349 1262 2408 Est
1317 2369 1482 2422 sanet,
1538 2347 1636 2420 sed
1655 2351 1790 2414 sshoc
1826 2350 1902 2410 nil
1953 2351 2231 2435 impedit,

302 2432 565 2487 uominus
613 2438 818 2503 poeta,
847 2423 1088 2502 puellam
1114 2446 1279 2487 suam
1322 2427 1603 2506 zelotypia
1636 2431 1922 2509 torqueri,
1958 2432 2227 2512 audiens,

303 2507 413 2564 icat
433 2548 450 2577 ,
478 2524 538 2562 se
577 2521 805 2582 quoque
835 2502 1104 2579 consimili
1137 2506 1253 2584 igni
1283 2505 1609 2583 impositum
1640 2510 1927 2585 torqueri,
1961 2511 2099 2590 quin
2129 2532 2228 2577 aut
2261 2569 2264 2576 .

252 2583 359 2644 zeli
396 2581 735 2640 vocabulum
779 2580 1004 2659 adjiciat
1034 2624 1053 2657 ,
1098 2599 1195 2643 aut
1232 2595 1497 2644 vereatur
1524 2627 1540 2652 ,
1569 2608 1639 2646 ne
1691 2588 1991 2649 ridiculum
2032 2594 2227 2682 sit,plii

299 2679 432 2722 uam
474 2678 609 2720 vero
649 2657 763 2736 igni
788 2678 846 2718 se
885 2658 1212 2738 impositum
1252 2662 1476 2722 dicere:
1499 2663 1637 2725 Zeli
1667 2668 1898 2744 quidem
1948 2671 2223 2748 scripsisse

244 2681 621 2881 ⁴{areperziunlil
633 2776 652 2809 ‚
683 2737 802 2796 imo
839 2737 898 2797 in
939 2753 1189 2801 mentem
1221 2740 1273 2800 ei
1310 2741 1525 2803 venisse
1571 2744 1843 2822 scribere,
1883 2745 2077 2808 credat
2119 2747 2228 2829 ju-'

325 2836 425 2878 eus
620 2834 670 2874 a.

327 2896 420 2955 VI
440 2935 460 2968 ‚
477 2836 617 2971 neg,
651 2892 935 2975 (Spreng.
959 2916 1014 2973 p.
1043 2896 1183 2975 αι.)
1214 2917 1318 2975 pro
1337 2883 1599 2974 lucrante
1618 2901 1868 2977 criticus,
1885 2904 2074 2982 (quod
2100 2929 2230 2972 raro

249 2974 306 3037 ci
340 2971 543 3034 accidit
562 2976 625 3050 ‚)
649 2973 828 3050 credit
859 2989 1120 3052 tantum,
1149 2978 1434 3038 Ovidium
1458 2980 1730 3055 scripsisse
1736 2977 2035 3061 statuente.
2063 2984 2229 3066 Ego,

253 3064 512 3113 nontam
532 3065 728 3122 contra
757 3054 1035 3133 puellam,
1057 3073 1232 3135 quam
1249 3058 1328 3131 in
1344 3056 1651 3118 concubitu
1683 3061 1987 3121 luctantem
2011 3062 2226 3136 intelli-

260 3147 478 3207 gerem3
509 3145 592 3192 est
630 3130 779 3191 enim
798 3133 921 3194 haec
944 3136 1039 3195 vel
1065 3136 1125 3196 in
1146 3135 1393 3196 obnoxia
1426 3136 1573 3197 votis
1594 3152 1650 3196 et
1673 3139 2034 3216 placidissima
2059 3144 2284 3207 luctans·

257 3206 495 3286 speciesq
526 3211 678 3271 nnde
706 3211 952 3273 solennia
969 3214 1024 3274 in
1056 3234 1119 3273 re
1142 3215 1262 3294 ipsa
1279 3228 1380 3275 aut
1414 3215 1472 3275 in
1492 3216 1758 3293 praeludio
1782 3218 1904 3295 (Cf.
1946 3215 2227 3303 Prop.1l,

163 3297 169 3304 ’
255 3283 336 3365 14
355 3283 452 3362 ‚53
475 3288 713 3378 nudatis
729 3310 948 3352 mecum
962 3291 1381 3373 estluceatapa
1424 3292 1591 3375 illis.)
1603 3296 1876 3358 vocabula
1893 3320 2097 3380 pugnae
2109 3304 2228 3365 sive

251 3362 427 3448 luctoe
457 3366 869 3445 significatione.
915 3370 1200 3433 Caeterum
1236 3372 1353 3433 hau
1441 3373 1643 3451 video,
1681 3395 1786 3447 cur
1819 3379 2093 3441 absonum
2116 3384 2229 3457 sit,

238 3442 461 3537 ‚Jovem
491 3464 627 3505 cum
666 3448 887 3525 puella,
926 3452 1231 3527 praesertim
1255 3450 1362 3511 sub
1387 3452 1586 3532 aquilae
1606 3458 1785 3532 specie
1804 3497 1822 3527 ‚
1858 3459 2097 3536 paulum
2126 3459 2226 3518 lu-

248 3535 422 3600 ctari,
460 3538 557 3599 et,
577 3525 701 3589 voti
732 3546 1023 3605 securum,
1057 3531 1306 3608 vulgaris
1339 3535 1602 3593 amatoris
1676 3548 1816 3593 artes
1841 3536 1914 3595 ad
1948 3535 2225 3616 majorem
2267 3568 2271 3573 ·

245 3600 401 3663 sorte
420 3603 778 3679 voluptatem
795 3607 1101 3684 sustinere3
1127 3628 1240 3669 non
1266 3609 1414 3668 enim
1438 3608 1501 3668 id
1533 3631 1637 3689 age
1663 3629 1833 3686 atur,
1862 3629 1925 3672 ut
1946 3634 2003 3671 se
2025 3616 2226 3673 divum

246 3694 472 3759 patrem
501 3694 676 3760 atque
712 3682 1022 3763 hominum*
1047 3706 1237 3766 regem
1271 3688 1601 3749 ostenderet.
1638 3691 1922 3751 Futuenee
1957 3688 2225 3768 equidem

249 3761 528 3837 scriptum
555 3780 590 3817 a
620 3775 784 3837 poeta
823 3782 937 3821 non
972 3766 1164 3834 eitius·
1205 3765 1400 3825 redam
1420 3813 1435 3839 ,
1464 3788 1637 3848 quam
1668 3790 1835 3849 supra
1877 3773 2090 3846 inguen
2118 3788 2225 3842 pro

251 3836 431 3897 latus.
472 3838 660 3898 Novit
689 3839 877 3913 enim,
905 3853 972 3899 nt
1005 3841 1122 3922 jam
1146 3781 1528 3980 ‚fflimadverti
1550 3888 1567 3920 ‚
1596 3848 1734 3926 quid
1774 3849 1902 3904 artis
1933 3846 2073 3903 ratio
2105 3844 2223 3907 fla-

288 3917 390 3975 itet
411 3959 430 3991 ,
462 3938 603 3991 nec,
686 3939 758 3977 uo
788 3917 876 3977 dis
922 3918 1119 3996 liceat,
1198 3926 1510 3984 erecundiae
1555 3926 1857 3982 immemor
1897 3937 2017 3999 est,
2045 3924 2221 3986 modo

267 3996 488 4064 asciyiae
519 3996 660 4062 indu
678 4010 826 4078 gent.
905 3995 978 4061 ed
1006 3999 1370 4083 Sprengelem
1404 4002 1560 4066 fatali
1601 4000 1850 4083 quadarn
1890 4002 2225 4087 impulsione

432 4100 439 4110 ι
1135 4097 1152 4120 Ι
1204 4105 1211 4110 =
1771 4087 1788 4100 θ
1877 4101 1916 4145 ²
