2742 4509
1403 169 1694 258 (5²).

513 282 785 346 abscissa
821 300 1056 355 comas,
1097 280 1250 344 unde
1286 284 1478 345 actitro
1526 282 1716 345 modo·
1737 283 1943 344 diceres
1979 285 2336 349 abscindere
2361 288 2510 360 ali--⁸

422 404 429 410 -
512 384 684 443 quem
720 365 958 430 comas,
1001 362 1343 423 simillimum
1378 376 1567 422 nostro
1610 363 1749 423 loco.
2395 371 2399 382 '

589 442 786 515 XIV,
812 437 961 519 772',
998 442 1287 521 (Spreng.
1321 462 1379 520 p.
1410 445 1561 522 99.)
1601 442 1915 522 Sprengel,
1952 439 2053 514 diu
2090 427 2497 546 frustracona3-

509 532 640 596 tus,
678 519 895 580 invenlt
930 534 1105 581 nutus
1154 541 1256 597 pro
1303 521 1507 594 miles,
1553 534 1618 580 ut
1655 522 1723 580 sit

635 645 906 700 Proximus
947 648 1191 700 Ausonias
1226 646 1405 717 injusti
1444 661 1602 702 nutus
1634 640 1809 703 Amuli
1884 642 1896 670 ‘

640 713 796 767 Rexit
831 719 974 785 opes.

504 829 654 892 Satis
695 831 894 890 idonee
918 831 1014 905 ,si
1057 849 1170 889 non
1211 828 1523 890 offenderet
1571 836 1890 911 proximus
1925 845 2115 891 nutus-
2159 831 2303 908 Quis
2340 819 2504 906 enim]

502 909 859 987 c;,g.-dicet:
884 908 1279 984 proximusab
1319 913 1578 987 Augusto
1600 909 2020 970 Romam-rexit
2039 924 2207 970 nutus
2232 912 2491 974 Tiberii?

502 993 582 1052 At
621 987 759 1069 quid
797 989 900 1048 scri
943 989 1012 1046 sit
1051 987 1260 1063 poeta?
1305 989 1455 1054 Nam
1496 987 1664 1047 miles
1707 989 2004 1051 ferendum
2052 1010 2163 1049 non
2195 989 2392 1092 puto„
2421 991 2487 1052 Si

506 1066 708 1128 audaci
733 1108 752 1141 ,
788 1086 900 1144 qua
925 1086 1137 1125 es1non
1193 1086 1360 1142 amo,
1401 1064 1733 1145 conjecturae
1782 1071 2005 1129 veniam
2043 1068 2174 1142 des,
2224 1072 2488 1132 suadeam

501 1148 738 1237 inqutoe
771 1148 981 1204 mentis
1021 1141 1320 1206 Amulius.
1359 1147 1645 1221 Primum,
1681 1146 1814 1226 quia
1842 1152 2160 1224 proximus
2193 1147 2292 1211 vix
2333 1148 2486 1211 aliud

499 1238 717 1304 patitur
760 1243 932 1303 quam
955 1225 1369 1285 nominativum
1392 1244 1581 1285 casum
1601 1268 1621 1300 ,
1639 1240 1694 1284 et
1720 1225 1965 1285 maxime
2000 1226 2169 1306 ipsius
2195 1228 2336 1308 regis
2365 1251 2494 1289 no·-

494 1323 662 1377 men,
700 1300 933 1363 deinde¹
980 1306 1073 1364 uia
1108 1324 1227 1365 uon
1265 1303 1602 1365 incredibilis
1639 1304 1881 1363 mutatio
1929 1309 2146 1363 mentis
2186 1309 2244 1366 in
2282 1308 2486 1381 miles,-

493 1381 696 1448 deinde
719 1426 736 1458 ,
758 1382 890 1463 quia
946 1386 959 1442 i
1005 1383 1177 1446 rarius
1214 1384 1491 1463 prosodias
1529 1404 1734 1464 parum
1772 1388 1981 1463 peritus
2017 1383 2273 1461 ignorare
2301 1385 2490 1463 potuit

492 1463 772 1525 Amulius
789 1483 945 1541 posse
967 1462 1091 1524 fieri
1115 1464 1469 1546 trisyllabum
1489 1507 1507 1539 ,
1523 1466 1714 1546 sicque
1736 1463 2009 1544 corrigere
2028 1462 2227 1536 debuit
2243 1465 2487 1539 Amuli,

493 1562 613 1621 quo
663 1543 849 1616 facto,
890 1543 1211 1623 praecedens
1255 1546 1428 1604 etiam
1476 1546 1722 1612 mutari,
1762 1554 1979 1603 necesse
2014 1540 2155 1612 fuit3
2200 1540 2480 1675 demine,

491 1622 624 1701 quia
665 1624 922 1696 injustus
960 1621 1118 1679 haud
1162 1621 1373 1693 dubie,
1420 1622 1609 1698 quoad
1649 1620 2037 1698 adjectivum,
2075 1630 2222 1676 recte
2264 1619 2339 1675 ha
2384 1637 2477 1691 et,

489 1714 547 1758 et
586 1699 820 1776 injustoe
857 1701 1067 1756 mentis
1101 1698 1243 1754 bene
1278 1699 1531 1771 congruit
1570 1714 1716 1754 cum-
1741 1697 1866 1752 loco
1902 1689 2067 1750 Fase.
2108 1711 2206 1767 ιν,
2239 1691 2313 1754 53
2342 1694 2479 1769 ,ubi

490 1779 684 1836 dirum
715 1775 1006 1843 Amulium
1050 1787 1215 1851 poeta
1236 1815 1254 1847 ,
1295 1786 1353 1831 et
1385 1793 1458 1830 ιιι
1483 1811 1500 1844 ,
1537 1770 1646 1850 49,
1687 1772 1784 1834 ubi
1823 1783 2278 1848 contemptorem
2314 1776 2480 1854 oeqm‘

488 1867 670 1914 vocat.
716 1852 850 1910 Dixi
877 1893 896 1926 ,
922 1871 1037 1930 quo
1069 1851 1268 1912 melius
1303 1871 1418 1910 non
1449 1849 1653 1921 habeo.
1986 1909 1989 1913 Δ

562 1933 683 1992 XV
703 1973 721 2004 ,
760 1928 838 2004 48
861 1972 879 2003 ,
915 1930 1202 2007 (Spreng.
1243 1950 1301 2007 p.
1351 1926 1647 2004 tot.)‘ubi
1686 1929 1999 2002 Gesnerus,
2032 1929 2176 1988 male
2197 1972 2216 2004 ,
2240 1931 2444 2005 opinor
2457 1933 2484 2005 ,'

484 2023 775 2089 parentem
816 2007 1347 2087 Amphitryoniadae
1376 2006 1509 2075 facit
1552 2007 1800 2084 Jovem,
1845 2007 2068 2067 criticus
2103 2027 2207 2086 pro
2233 2011 2479 2088 parenti

489 2087 626 2168 legit
647 2103 950 2168 patrono,
990 2100 1053 2148 ut
1093 2086 1418 2156 habeamusv
1943 2123 1944 2126 =

1049 2243 1111 2258 -
1137 2215 1326 2270 Grates
1355 2213 1463 2288 agit
1494 2189 1797 2284 illepatrouo

746 2283 1234 2356 Amphitryoniadae.
1260 2316 1265 2322 ·
1601 2293 1606 2298 '

482 2398 769 2466 Nimirum
792 2441 811 2474 ,
863 2391 1124 2460 advocati
1169 2399 1426 2470 officium
1468 2397 1725 2476 Myscelo
1769 2393 2075 2456 Herculem
2118 2394 2474 2476 praestitisse3

446 2479 453 2490 '
486 2498 557 2540 ac
590 2478 737 2538 forte
771 2478 1117 2537 monachum
1154 2478 1437 2548 timuisse,
1482 2496 1593 2550 ne,
1636 2476 1682 2533 si
1730 2473 2020 2553 patronus'
2044 2477 2111 2535 sit
2159 2475 2472 2551 Hercules,

482 2557 690 2623 sanctis
737 2554 1185 2629 adnumeretur,
1213 2568 1312 2614 aut
1368 2554 1522 2614 nefas
1568 2551 1846 2623 duxisse,
1905 2552 1947 2609 si
1974 2552 2230 2628 ·Herculi
2272 2554 2468 2611 titulus

481 2634 769 2716 tribuatur
824 2634 1083 2713 proprius
1122 2634 1532 2695 catholicorum
1566 2632 1783 2693 sanctis.
1829 2628 1953 2707 Ego
1976 2631 2282 2690 monachos
2302 2629 2468 2690 fuisse

478 2713 701 2793 ineptos
735 2714 941 2775 multos
977 2714 1145 2788 novit,
1184 2712 1280 2773 sed
1321 2714 1595 2775 succurrit
1634 2710 1771 2770 illud
1810 2708 2091 2769 Ciceronis
2128 2729 2143 2768 ε
2184 2709 2326 2784 sed,
2364 2711 2473 2788 qui

479 2796 707 2873 magis,
746 2795 922 2876 quam
950 2793 1265 2863 Phormio,
1299 2793 1616 2865 deliraret,
1645 2789 1869 2849 vidisse
1896 2793 2200 2848 neminem.
2230 2788 2326 2848 Tu
2351 2788 2469 2850 levi

480 2874 795 2936 mutatione
827 2872 985 2933 malis
1030 2871 1175 2933 forte
1213 2872 1288 2934 ad
1324 2890 1547 2931 sensum
1600 2868 1813 2946 optime
1840 2867 2020 2944 legere
2052 2869 2301 2946 potenti.

556 2952 711 3027 XV,
741 2951 852 3026 60,
882 2950 1112 3031 (Spren
1157 2992 1172 3008 .
1208 2973 1263 3027 p.
1300 2953 1474 3029 102.)
1509 2948 1732 3009 criticus
1757 2946 2006 3006 decernit
2030 2947 2330 3005 dominum
2356 2963 2463 3023 pro

477 3032 795 3106 dominor,-
827 3032 938 3090 hoc
969 2971 1237 3090 stolifum
1266 3030 1611 3102 correxisse,
1648 3025 1810 3084 metri
1851 3022 2057 3083 vitium
2097 3043 2210 3084 esse
2231 3067 2249 3099 ,
2289 3042 2462 3083 som-

473 3110 744 3168 niantem.
790 3108 917 3183 Tu,
946 3127 1041 3167 me
1079 3122 1336 3185 auctore,
1376 3106 1517 3165 nihil
1535 3104 1818 3176 mutabis,
1860 3120 1931 3162 ne
1958 3102 2074 3161 sine
2116 3101 2230 3160 ulla
2266 3121 2462 3161 neces-

475 3188 640 3247 sitate
675 3186 976 3246 inducatur
1016 3186 1320 3263 dominum
1357 3186 1654 3265 odioque,
1693 3181 1860 3263 quale
1885 3225 1905 3260 ,
1937 3180 2362 3257 nimis‘dubito,
2386 3202 2457 3243 au

475 3265 622 3327 ullus
652 3264 852 3323 Ovidii
889 3263 1084 3324 versus
1119 3265 1404 3328 exhibeat.
2061 3269 2064 3274 ’
2238 3268 2244 3275 ’

550 3345 708 3418 XV,
759 3341 909 3420 154,
947 3345 1232 3422 (Spu-eng.
1283 3363 1340 3423 p.
1385 3342 1559 3417 103.)
1614 3340 1836 3400 criticus
1864 3338 2001 3419 legit
2048 3339 2194 3419 quid
2233 3354 2456 3424 styga,

475 3424 622 3503 quid
657 3422 951 3496 tenebras,
977 3422 1258 3503 falsique
1299 3418 1551 3501 piacula
1589 3421 1829 3495 mundi,
1874 3423 2176 3479 materiem
2213 3418 2456 3494 vatum‘,

472 3516 536 3562 et
571 3504 815 3564 nomina
847 3522 1014 3565 vana
1051 3501 1284 3564 timetis.
1326 3500 1446 3560 Cur
1481 3497 1606 3559 sic?
1645 3499 1729 3559 Ut
1753 3499 1976 3576 hiatus,
1997 3500 2177 3580 qualis
2211 3497 2269 3555 in
2300 3515 2456 3575 prae-

472 3580 691 3643 cedenti
718 3596 888 3658 nota,
919 3595 1184 3641 recurrat.
1615 3615 1620 3620 ›
2397 3609 2400 3610 ν

549 3661 704 3735 XV,
746 3682 888 3743 192,
931 3662 1219 3740 (Spreng.
1265 3680 1330 3740 p.
1376 3655 1548 3737 104.)
1600 3657 1823 3717 criticus
1860 3655 2189 3730 contendit,
2224 3666 2451 3729 poetam

472 3742 746 3817 scripsisse
794 3744 919 3822 ipse
954 3741 1161 3817 deique
1203 3738 1413 3799 oculus
1461 3756 1566 3813 pro
1610 3741 1731 3817 ipse
1779 3738 1876 3798 dei
1928 3736 2189 3815 clypeus.
2225 3730 2480 3810 Nempe⁴

472 3816 648 3878 solem
685 3820 795 3881 dici
837 3820 996 3881 ,Iovis
1043 3819 1277 3895 oculum
1320 3839 1410 3899 ap2
1449 3816 1847 3891 Macrobium3
1879 3817 2080 3895 clypeo
2112 3824 2303 3871 autem
2335 3830 2450 3869 nou

471 3912 638 3976 egere
679 3900 908 3978 Deum3
942 3893 1043 3963 scd
1084 3898 1330 3981 petitum
1371 3916 1487 3959 esse
1522 3916 1555 3956 e
1594 3916 1746 3976 xm,
1789 3895 1927 3958 852.
1969 3893 2157 3954 Tanto
2195 3886 2451 3953 acumine
