2742 4509
1040 103 1384 247 .‘(35)

701 305 771 328 ι·-
801 279 889 335 Me
923 277 1215 361 Pasiphaeia
1257 278 1514 351 quondam

395 351 673 404 Tentatum
713 350 897 400 frustra
928 360 1152 420 patrium
1193 360 1465 400 temerasse
1503 343 1671 398 cubile
1691 381 1709 411 ,

393 416 597 536 §guod
633 414 825 482 voluit,
853 415 1000 468 finxit
1031 415 1250 469 voluisse
1269 450 1286 479 ,
1323 426 1378 466 et
1409 413 1621 465 crimine
1656 411 1846 482 verso)

426 502 457 535 n
501 485 651 536 iciine
687 495 828 536 metu
866 485 1028 556 magis
1068 480 1322 535 offensane
1353 479 1567 554 repulsa
1581 516 1600 548 ‚

391 551 593 621 Arguit.
670 567 681 576 ‘

261 662 639 728 Scribendum
692 658 905 735 mod'o,
958 664 1176 742 inquit,
1211 667 1389 740 privo
1434 681 1539 740 pro
1575 682 1772 722 verso,
1817 661 2029 722 Probat
2074 663 2244 727 etiam

258 759 549 805 temerare
617 765 718 818 pro
768 759 1084 805 temerasse
1108 784 1125 819 ,
1178 743 1352 823 idque
1404 741 1715 818 multorum
1768 742 2030 802 codicum
2076 763 2095 816 ς
2144 744 2244 805 sed

259 822 408 882 male
443 821 614 881 refert
655 825 727 884 ad
778 837 1080 883 tentatum.
1140 819 1300 900 Ego,
1344 822 1585 900 probato
1623 834 1948 895 temerare,
1986 835 2044 881 et
2076 820 2247 903 longe

258 897 467 979 rejecto
499 907 678 980 privo
703 946 720 977 ,
754 924 859 962 cur
891 903 1207 980 quidquam
1254 901 1521 978 praeterea
1568 914 1826 966 mutem..
1863 918 2087 959 causam
2129 922 2243 962 non

255 981 502 1040 invenio.
551 980 758 1041 Sensus
802 984 952 1041 enim
991 982 1067 1039 sic
1104 980 1280 1039 habet
1326 1001 1342 1039 t
1395 999 1488 1038 me
1530 978 1859 1057 Pasiphaeia
1904 967 2195 1059 quondam
2219 1023 2240 1058 ‚

191 1097 195 1101 »
254 1057 461 1118 frustra
505 1072 783 1119 tentatum
845 1062 1194 1140 (postquam
1234 1077 1326 1117 me
1378 1057 1583 1118 frustra
1629 1054 1950 1133 tentavit),
2001 1061 2243 1134 patriam

253 1136 442 1200 cubile
492 1150 801 1214 temerare,
846 1138 1002 1217 quod
1033 1141 1150 1217 ipsa
1190 1137 1414 1211 voluit,
1462 1138 1704 1197 voluisse
1739 1132 1936 1212 fiuxit,
1980 1149 2070 1210 et,
2112 1139 2244 1196 cri-

253 1216 408 1274 mine
430 1223 593 1278 verso
633 1219 918 1295 (suumin
949 1236 1042 1276 me
1072 1218 1280 1275 crimen
1303 1215 1603 1292 vertens),
1626 1215 1810 1293 arguit
1852 1217 2171 1291 (accusavit
2196 1218 2244 1294 ),

255 1290 517 1353 indiciine
543 1310 710 1356 metu
744 1298 920 1376 magis
958 1296 1205 1375 (subint.
1258 1295 1534 1355 incertum
1581 1307 1661 1354 est
1686 1298 1715 1370 )
1736 1334 1755 1366 ‚
1792 1314 1863 1352 an
1897 1292 2108 1355 offensa
2142 1315 2241 1354 re-

253 1371 444 1450 pulsae.
482 1372 655 1433 Vides
677 1418 694 1448 ‚
720 1373 1012 1435 mulierem
1050 1374 1160 1433 dici
1201 1371 1423 1432 finxisse
1442 1413 1460 1447 ,
1485 1372 1689 1452 (quod
1719 1372 2133 1432 usitatissimum
2166 1373 2239 1433 de

258 1449 395 1510 falsa
418 1453 840 1534 accusatione,)
865 1473 980 1532 quo
1010 1451 1277 1530 juvenem
1300 1466 1617 1523 accusaret,
1640 1468 1775 1511 eum
1799 1450 2037 1509 voluisse
2069 1454 2240 1529 patris

249 1527 464 1600 lectum
506 1545 779 1592 temerare
813 1574 830 1606 ‚
883 1531 1038 1611 quod
1079 1534 1196 1610 ipsa
1259 1531 1555 1605 voluerat„
1608 1542 1665 1588 et
1701 1570 1719 1603 ‚
1762 1528 1990 1588 crimine
2044 1545 2145 1589 suo
2181 1532 2240 1592 in

250 1606 607 1668 innocentem
650 1630 961 1684 converso,
984 1611 1225 1689 arguisse
1261 1609 1301 1668 i.
1338 1629 1390 1668 e.
1437 1627 1714 1669 accusasse
1746 1626 1878 1667 eum
1914 1607 2067 1684 apud
2113 1628 2237 1688 pa-

246 1696 408 1746 trem.
459 1689 679 1750 Scilicet
718 1705 1008 1750 temerare
1056 1709 1167 1750 non
1217 1686 1429 1758 pendet
1475 1688 1547 1747 ab
1584 1689 1821 1765 arguit,
1864 1705 1969 1745 nec
2010 1706 2043 1745 a
2088 1701 2236 1748 ten·-

247 1777 434 1824 tatum
456 1807 472 1839 ‚
515 1767 612 1826 sed
651 1789 682 1827 a
713 1769 1004 1843 voluisse,
1040 1767 1194 1845 quod
1219 1767 1402 1844 ipsum
1425 1766 1632 1844 pendet
1668 1787 1699 1824 a
1720 1765 1920 1844 finxit
1962 1786 1983 1825 .·
2000 1765 2236 1847 finxit,

244 1862 336 1901 me
375 1842 640 1907 voluisse
675 1861 980 1909 temerare.
1017 1848 1111 1909 Sic
1152 1846 1307 1906 vides
1341 1866 1540 1906 veram
1574 1844 1871 1903 lectionem
1906 1864 2019 1903 esse
2049 1855 2231 1906 teme-

241 1940 429 1998 rare,-
460 1938 774 1987 temerasse
795 1941 986 1986 autem
1023 1945 1137 1985 esse
1172 1925 1539 1985 substitutum
1585 1924 1659 1986 ab
1703 1942 1770 1981 eo
1793 1965 1811 1996 ‚
1848 1925 1946 2003 qui
1975 1921 2234 2003 jungeret

243 2014 533 2063 temerare
554 2010 792 2083 arguit,
815 2024 942 2085 quae
974 2006 1316 2064 constructio·
1333 2002 1626 2062 manifesto
1660 2001 1975 2079 perfectum
2007 2016 2234 2082 tempus

240 2075 544 2158 flagitabat.
584 2085 672 2144 De
710 2086 884 2164 ellips1
918 2083 1112 2144 conler
1147 2084 1284 2140 Tac.
1320 2083 1479 2139 Ann.
1514 2100 1572 2150 1,
1613 2078 1710 2150 13,
1748 2099 1930 2151 casu,
1968 2101 2049 2139 an
2093 2104 2229 2143 ma-

239 2158 412 2219 nibus
462 2163 587 2241 ejus
640 2167 990 2241 impeditus3
1054 2160 1152 2214 ubi
1199 2155 1640 2232 subintelligitur
1681 2159 1965 2215 incertum
2006 2175 2093 2217 est
2125 2178 2229 2230 aut

184 2267 195 2280 x
239 2236 478 2296 dubium
528 2254 634 2298 est.
684 2240 858 2297 Vides
893 2250 1117 2294 sensum
1161 2247 1418 2313 apertum
1464 2252 1478 2290 ε
1517 2231 1752 2289 crimine
1794 2253 1998 2303 verso,
2038 2243 2228 2314 arguit

237 2312 721 2390 (.accusavit)me
740 2357 757 2386 ,
787 2317 1096 2381 incertum,
1128 2332 1199 2370 an
1225 2324 1381 2370 metu
1403 2311 1585 2388 potius
1604 2350 1620 2381 ,
1653 2307 1728 2368 ‘ize
1767 2330 1886 2370 rem
1918 2310 2226 2378 indicarem

236 2391 428 2464 patri,
472 2411 616 2450 anne
644 2431 660 2463 ,
709 2389 917 2452 offensa
980 2390 1214 2467 repulsae
1239 2432 1257 2465 ‚
1310 2392 1346 2448 i.
1405 2408 1453 2446 e.
1495 2390 1575 2447 ira
1598 2428 1615 2462 ,
1669 2390 1824 2466 quod
1875 2409 1966 2449 me
2016 2392 2224 2455 frustra

240 2473 562 2528 tentaverat
586 2514 601 2542 ‚
637 2469 873 2530 incensa.
917 2469 1108 2529 Habes
1151 2487 1371 2528 sensum
1407 2469 1686 2548 optimum
1728 2482 1784 2527 et
1822 2470 2089 2531 orationis
2117 2472 2226 2534 dis·

234 2545 497 2605 tinctione
520 2547 810 2609 defensum
826 2593 844 2625 ,
867 2562 928 2610 ut
947 2547 1088 2607 nibil
1107 2545 1358 2606 offendat
1375 2589 1393 2623 ,
1416 2548 1672 2626 adeoque
1687 2546 1952 2607 codicum
1971 2554 2215 2629 genuina

233 2620 473 2684 lectione
517 2646 742 2687 versum
783 2648 812 2685 a
854 2626 1162 2705 suspicione
1196 2627 1515 2685 liberatum.

277 2704 370 2764 ·Si
409 2704 550 2783 quid
599 2707 792 2767 tribuis
833 2706 968 2765 meis
1011 2703 1534 2778 emendationibus,
1571 2704 1762 2763 multis
1802 2709 2074 2786 exemplis
2109 2709 2212 2769 in-

234 2781 443 2860 telliges
466 2825 484 2855 .‚
523 2804 750 2844 causam
805 2783 1138 2844 mendarum
1177 2797 1233 2842 et
1271 2782 1596 2861 suspicionis
1636 2783 1692 2841 in
1739 2786 1918 2863 poetis
1962 2788 2220 2848 omnium

234 2858 384 2920 forte
441 2863 954 2956 frequentissimam
1020 2881 1134 2920 esse
1190 2860 1386 2921 falsam
1449 2861 1712 2921 orationis
1785 2861 2213 2932 distinctionem.

233 2938 300 2997 Iu
345 2938 454 3001 hac
496 2946 668 3019 igitur
713 2942 1098 3002 constituenda
1148 2940 1400 3017 inprimis
1441 2938 1818 3001 laborandum
1860 2953 1942 2998 est
1986 2946 2218 3017 critico,

234 3037 335 3078 nec
369 3021 589 3096 minus,
638 3040 712 3080 ne
751 3041 886 3081 sana
923 3018 1223 3102 suspiciat,
1273 3038 1448 3097 quam
1483 3033 1550 3079 ut
1597 3021 1903 3096 depravata
1945 3024 2217 3084 restituat.

231 3094 347 3157 sed
380 3100 564 3172 enim,
601 3101 861 3178 quamvis
893 3101 967 3159 ab
999 3098 1261 3158 orationis
1288 3097 1639 3157 distinctione
1677 3098 1830 3159 nulla
1864 3097 1976 3157 fere
2014 3119 2213 3162 emen-

229 3172 384 3234 datio
418 3180 657 3258 separari
678 3191 852 3260 queat
867 3220 885 3253 ‚
909 3179 1161 3258 plerique
1178 3218 1196 3252 ‚
1219 3177 1313 3235 vel
1334 3176 1759 3255 profundiorem
1780 3176 1901 3256 ejus
1916 3178 2215 3261 investiga·

226 3253 438 3314 tionem
461 3258 834 3336 negligentes,
871 3258 964 3317 vel
1000 3256 1348 3316 reconditam
1380 3276 1491 3316 non
1527 3270 1874 3336 assequentes
1903 3258 2213 3336 rationem,

224 3351 352 3411 quae
373 3333 652 3395 levissima
690 3348 789 3396 aut
815 3337 978 3396 nulla
1006 3336 1319 3395 mutatione
1358 3333 1608 3412 indigent
1627 3376 1646 3407 ,
1690 3353 1754 3392 ea
1779 3354 1892 3395 non
1912 3338 2218 3398 emendare

225 3425 326 3471 aut
370 3413 680 3492 intelligere
703 3458 717 3485 ,
755 3415 857 3475 sed
897 3415 1076 3494 magis
1111 3415 1403 3493 magisque
1433 3415 1582 3473 velle
1609 3413 1893 3491 implicare
1927 3415 2208 3476 videntur.

226 3489 383 3565 Quid
400 3492 549 3550 enim
580 3492 635 3550 in
666 3492 789 3550 loco
825 3516 994 3575 supra
1031 3507 1343 3553 memorato
1385 3508 1558 3571 potes
1587 3496 1721 3571 ipsa
1756 3494 1966 3554 videre
1995 3508 2063 3554 ut
2097 3497 2213 3553 υἰει·

225 3575 580 3630 circumeant
617 3571 926 3653 distentum
964 3573 1239 3632 cruribus
1282 3572 1430 3632 uber
1450 3614 1466 3645 ,
1492 3570 1793 3651 simplicius
1836 3585 1955 3631 erat
1974 3612 1991 3643 ,
2035 3590 2212 3651 qnam

223 3644 461 3726 jungere
513 3651 725 3710 videre
769 3664 826 3710 et
874 3652 1056 3727 uber,
1110 3671 1221 3710 non
1271 3656 1642 3711 circumeant
1677 3665 1735 3711 et
1786 3648 1981 3710 uber?
2031 3652 2211 3728 Atqui

227 3725 627 3804 simplicissima
664 3746 749 3788 res
777 3731 1030 3789 omnium
1053 3772 1072 3806 ‚
1109 3745 1391 3809 quantum
1418 3730 1576 3805 vidi,
1616 3730 2210 3790 criticorumacumen

210 3802 366 3881 ‘fugit
405 3826 421 3864 ε
460 3808 538 3865 sic
577 3806 729 3867 locus
752 3851 770 3884 ‚
799 3808 968 3868 semel
998 3824 1031 3867 a
1074 3810 1298 3868 librario
1320 3850 1339 3882 ‚
1368 3809 1601 3870 inducto
1662 3811 2026 3881 sustineant,
2080 3825 2211 3866 cor-

221 3897 420 3974 ruptus
440 3925 456 3958 ,
501 3887 600 3964 qui
633 3904 827 3948 veram
859 3887 1155 3950 lectionem
1184 3886 1388 3949 idonea
1406 3886 1861 3969 interpretatione
1881 3898 2208 3964 revocaret,

217 3978 494 4037 neminem
534 3966 759 4045 reperit.

1529 4159 1544 4186 ί
