<?xml version="1.0" encoding="UTF-8"?>
<!DOCTYPE html PUBLIC "-//W3C//DTD XHTML 1.0 Transitional//EN"
    "http://www.w3.org/TR/xhtml1/DTD/xhtml1-transitional.dtd">
<html xmlns="http://www.w3.org/1999/xhtml" xml:lang="en" lang="en">
 <head>
  <title>
</title>
<meta http-equiv="Content-Type" content="text/html;charset=utf-8" />
  <meta name='ocr-system' content='tesseract 3.04.00' />
  <meta name='ocr-capabilities' content='ocr_page ocr_carea ocr_par ocr_line ocrx_word'/>
</head>
<body>
  <div class='ocr_page' id='page_1' title='image "./jdfussadjblycoc00spregoog_0062.png"; bbox 0 0 2742 4509; ppageno 0'>
   <div class='ocr_carea' id='block_1_1' title="bbox 1270 233 1521 335">
    <p class='ocr_par' dir='ltr' id='par_1_1' title="bbox 1270 233 1521 335">
     <span class='ocr_line' id='line_1_1' title="bbox 1270 233 1521 335; baseline -0.004 0"><span class='ocrx_word' id='word_1_1' title='bbox 1270 233 1521 335; x_wconf 79' lang='lat'>(44)</span> 
     </span>
    </p>
   </div>
   <div class='ocr_carea' id='block_1_2' title="bbox 371 353 2403 739">
    <p class='ocr_par' dir='ltr' id='par_1_2' title="bbox 371 353 2403 739">
     <span class='ocr_line' id='line_1_2' title="bbox 404 353 2403 438; baseline 0.001 -15"><span class='ocrx_word' id='word_1_2' title='bbox 404 361 641 424; x_wconf 60' lang='lat' dir='ltr'>Parisii</span> <span class='ocrx_word' id='word_1_3' title='bbox 674 353 743 422; x_wconf 74' lang='lat' dir='ltr'>et</span> <span class='ocrx_word' id='word_1_4' title='bbox 792 356 989 421; x_wconf 85' lang='lat' dir='ltr'>similia</span> <span class='ocrx_word' id='word_1_5' title='bbox 1005 395 1027 433; x_wconf 78' lang='lat'>‚</span> <span class='ocrx_word' id='word_1_6' title='bbox 1084 355 1363 420; x_wconf 75' lang='lat' dir='ltr'>dixisset?</span> <span class='ocrx_word' id='word_1_7' title='bbox 1409 357 1662 421; x_wconf 69' lang='lat' dir='ltr'>Habere·</span> <span class='ocrx_word' id='word_1_8' title='bbox 1716 355 1922 438; x_wconf 86' lang='lat' dir='ltr'>ntique</span> <span class='ocrx_word' id='word_1_9' title='bbox 1967 370 2030 422; x_wconf 86' lang='lat' dir='ltr'>et</span> <span class='ocrx_word' id='word_1_10' title='bbox 2080 359 2178 423; x_wconf 84' lang='lat' dir='ltr'>bic</span> <span class='ocrx_word' id='word_1_11' title='bbox 2238 378 2403 430; x_wconf 84' lang='lat' dir='ltr'>sensu</span> 
     </span>
     <span class='ocr_line' id='line_1_3' title="bbox 371 437 1563 521; baseline -0.004 -17"><span class='ocrx_word' id='word_1_12' title='bbox 371 441 714 521; x_wconf 77' lang='lat' dir='ltr'>·optimum3</span> <span class='ocrx_word' id='word_1_13' title='bbox 750 438 848 500; x_wconf 78' lang='lat' dir='ltr'>sed</span> <span class='ocrx_word' id='word_1_14' title='bbox 885 437 1067 517; x_wconf 84' lang='lat' dir='ltr'>major</span> <span class='ocrx_word' id='word_1_15' title='bbox 1106 438 1259 499; x_wconf 87' lang='lat' dir='ltr'>vocis</span> <span class='ocrx_word' id='word_1_16' title='bbox 1299 437 1563 499; x_wconf 85' lang='lat' dir='ltr'>mutatio.</span> 
     </span>
     <span class='ocr_line' id='line_1_4' title="bbox 484 515 2218 600; baseline -0.002 -23"><span class='ocrx_word' id='word_1_17' title='bbox 484 519 583 594; x_wconf 80' lang='lat' dir='ltr'>V,</span> <span class='ocrx_word' id='word_1_18' title='bbox 625 538 761 600; x_wconf 80' lang='lat'><strong>7²7·</strong></span> <span class='ocrx_word' id='word_1_19' title='bbox 802 516 951 577; x_wconf 77' lang='lat' dir='ltr'>vide</span> <span class='ocrx_word' id='word_1_20' title='bbox 996 515 1069 576; x_wconf 84' lang='lat' dir='ltr'>ad</span> <span class='ocrx_word' id='word_1_21' title='bbox 1104 525 1215 592; x_wconf 65' lang='grc' dir='ltr'>μ’,</span> <span class='ocrx_word' id='word_1_22' title='bbox 1259 515 1395 596; x_wconf 76' lang='grc'><strong>429.</strong></span> <span class='ocrx_word' id='word_1_23' title='bbox 2213 583 2218 588; x_wconf 87' lang='lat'>.</span> 
     </span>
     <span class='ocr_line' id='line_1_5' title="bbox 480 593 2401 690; baseline 0.004 -34"><span class='ocrx_word' id='word_1_24' title='bbox 480 595 755 690; x_wconf 52' lang='lat' dir='ltr'>vt2178</span> <span class='ocrx_word' id='word_1_25' title='bbox 774 638 795 676; x_wconf 85' lang='lat'>‚</span> <span class='ocrx_word' id='word_1_26' title='bbox 846 597 1128 677; x_wconf 78' lang='lat' dir='ltr'>(Spreng.</span> <span class='ocrx_word' id='word_1_27' title='bbox 1191 616 1251 677; x_wconf 87' lang='lat' dir='ltr'>p.</span> <span class='ocrx_word' id='word_1_28' title='bbox 1285 593 1468 675; x_wconf 79' lang='lat'><strong>126.)</strong></span> <span class='ocrx_word' id='word_1_29' title='bbox 1519 608 1990 660; x_wconf 65' lang='lat' dir='ltr'>commentatores</span> <span class='ocrx_word' id='word_1_30' title='bbox 2035 615 2154 658; x_wconf 88' lang='lat' dir='ltr'>non</span> <span class='ocrx_word' id='word_1_31' title='bbox 2195 597 2401 663; x_wconf 79' lang='lat' dir='ltr'>leviter</span> 
     </span>
     <span class='ocr_line' id='line_1_6' title="bbox 404 690 639 739; baseline -0.009 0"><span class='ocrx_word' id='word_1_32' title='bbox 404 690 639 739; x_wconf 72' lang='lat' dir='ltr'>vexavit</span> 
     </span>
    </p>
   </div>
   <div class='ocr_carea' id='block_1_3' title="bbox 407 802 1632 880">
    <p class='ocr_par' dir='ltr' id='par_1_3' title="bbox 407 802 1632 880">
     <span class='ocr_line' id='line_1_7' title="bbox 407 802 1632 880; baseline 0 -23"><span class='ocrx_word' id='word_1_33' title='bbox 407 873 413 880; x_wconf 18' lang='grc' dir='ltr'><strong>ι</strong></span> <span class='ocrx_word' id='word_1_34' title='bbox 529 802 642 857; x_wconf 78' lang='lat' dir='ltr'>Nec</span> <span class='ocrx_word' id='word_1_35' title='bbox 677 802 830 857; x_wconf 84' lang='lat' dir='ltr'>tellus</span> <span class='ocrx_word' id='word_1_36' title='bbox 852 803 1039 874; x_wconf 68' lang='lat' dir='ltr'>‘captas</span> <span class='ocrx_word' id='word_1_37' title='bbox 1079 803 1288 856; x_wconf 79' lang='lat' dir='ltr'><strong>miserat</strong></span> <span class='ocrx_word' id='word_1_38' title='bbox 1326 813 1447 857; x_wconf 81' lang='lat' dir='ltr'>ante</span> <span class='ocrx_word' id='word_1_39' title='bbox 1480 803 1632 857; x_wconf 81' lang='lat' dir='ltr'>feras.</span> 
     </span>
    </p>
   </div>
   <div class='ocr_carea' id='block_1_4' title="bbox 386 930 2489 2351">
    <p class='ocr_par' dir='ltr' id='par_1_4' title="bbox 386 930 2489 2351">
     <span class='ocr_line' id='line_1_8' title="bbox 404 930 2398 1024; baseline 0.001 -20"><span class='ocrx_word' id='word_1_40' title='bbox 404 943 499 1008; x_wconf 88' lang='lat' dir='ltr'>Sic</span> <span class='ocrx_word' id='word_1_41' title='bbox 541 944 694 1007; x_wconf 86' lang='lat' dir='ltr'>enim</span> <span class='ocrx_word' id='word_1_42' title='bbox 717 942 935 1004; x_wconf 84' lang='lat' dir='ltr'>codices</span> <span class='ocrx_word' id='word_1_43' title='bbox 952 930 1261 1021; x_wconf 60' lang='lat' dir='ltr'>&#39;corrupteg</span> <span class='ocrx_word' id='word_1_44' title='bbox 1300 943 1435 1024; x_wconf 88' lang='lat' dir='ltr'>qnia</span> <span class='ocrx_word' id='word_1_45' title='bbox 1453 957 1511 1004; x_wconf 88' lang='lat' dir='ltr'>et</span> <span class='ocrx_word' id='word_1_46' title='bbox 1532 944 1666 1004; x_wconf 85' lang='lat' dir='ltr'>alias</span> <span class='ocrx_word' id='word_1_47' title='bbox 1684 945 1944 1024; x_wconf 86' lang='lat' dir='ltr'>ineptum</span> <span class='ocrx_word' id='word_1_48' title='bbox 1964 943 2359 1023; x_wconf 64' lang='lat' dir='ltr'>captasset-as</span> <span class='ocrx_word' id='word_1_49' title='bbox 2375 974 2398 1012; x_wconf 58' lang='grc' dir='ltr'>φ</span> 
     </span>
     <span class='ocr_line' id='line_1_9' title="bbox 405 1021 2403 1101; baseline 0.001 -19"><span class='ocrx_word' id='word_1_50' title='bbox 405 1038 463 1083; x_wconf 90' lang='lat' dir='ltr'>et</span> <span class='ocrx_word' id='word_1_51' title='bbox 493 1024 591 1085; x_wconf 83' lang='lat' dir='ltr'>vix</span> <span class='ocrx_word' id='word_1_52' title='bbox 622 1023 860 1084; x_wconf 83' lang='lat' dir='ltr'>dubium</span> <span class='ocrx_word' id='word_1_53' title='bbox 879 1065 898 1097; x_wconf 83' lang='lat'>‚</span> <span class='ocrx_word' id='word_1_54' title='bbox 930 1023 1066 1101; x_wconf 86' lang='lat' dir='ltr'>quin</span> <span class='ocrx_word' id='word_1_55' title='bbox 1100 1021 1172 1082; x_wconf 86' lang='lat' dir='ltr'>de</span> <span class='ocrx_word' id='word_1_56' title='bbox 1201 1023 1404 1083; x_wconf 82' lang='lat' dir='ltr'>avibus</span> <span class='ocrx_word' id='word_1_57' title='bbox 1436 1022 1719 1099; x_wconf 80' lang='lat' dir='ltr'>delicatis,</span> <span class='ocrx_word' id='word_1_58' title='bbox 1751 1024 1997 1084; x_wconf 77' lang='lat' dir='ltr'>Romam</span> <span class='ocrx_word' id='word_1_59' title='bbox 2025 1024 2168 1083; x_wconf 86' lang='lat' dir='ltr'>mitti</span> <span class='ocrx_word' id='word_1_60' title='bbox 2200 1024 2403 1093; x_wconf 75' lang='lat' dir='ltr'>solitis,</span> 
     </span>
     <span class='ocr_line' id='line_1_10' title="bbox 386 1099 2405 1183; baseline 0 -21"><span class='ocrx_word' id='word_1_61' title='bbox 386 1107 648 1183; x_wconf 76' lang='lat' dir='ltr'>&#39;agatur3</span> <span class='ocrx_word' id='word_1_62' title='bbox 704 1101 947 1181; x_wconf 87' lang='lat' dir='ltr'>ideoque</span> <span class='ocrx_word' id='word_1_63' title='bbox 993 1118 1155 1161; x_wconf 83' lang='lat' dir='ltr'>acute</span> <span class='ocrx_word' id='word_1_64' title='bbox 1191 1101 1552 1180; x_wconf 73' lang='lat' dir='ltr'><strong>Burmannus</strong></span> <span class='ocrx_word' id='word_1_65' title='bbox 1606 1115 1666 1182; x_wconf 84' lang='lat' dir='ltr'>et</span> <span class='ocrx_word' id='word_1_66' title='bbox 1711 1102 1879 1162; x_wconf 81' lang='lat' dir='ltr'>docte</span> <span class='ocrx_word' id='word_1_67' title='bbox 1924 1101 2166 1179; x_wconf 88' lang='lat' dir='ltr'>conjecit</span> <span class='ocrx_word' id='word_1_68' title='bbox 2216 1099 2405 1163; x_wconf 81' lang='lat' dir='ltr'>Delus·</span> 
     </span>
     <span class='ocr_line' id='line_1_11' title="bbox 407 1178 2408 1262; baseline -0.001 -21"><span class='ocrx_word' id='word_1_69' title='bbox 407 1202 594 1262; x_wconf 80' lang='lat' dir='ltr'>capos</span> <span class='ocrx_word' id='word_1_70' title='bbox 629 1198 732 1258; x_wconf 86' lang='lat' dir='ltr'>pro</span> <span class='ocrx_word' id='word_1_71' title='bbox 761 1180 934 1262; x_wconf 56' lang='lat' dir='ltr'>tellus</span> <span class='ocrx_word' id='word_1_72' title='bbox 951 1195 1179 1260; x_wconf 78' lang='lat' dir='ltr'>captas·</span> <span class='ocrx_word' id='word_1_73' title='bbox 1214 1181 1326 1243; x_wconf 86' lang='lat' dir='ltr'>Sed</span> <span class='ocrx_word' id='word_1_74' title='bbox 1345 1222 1363 1254; x_wconf 88' lang='lat'>,</span> <span class='ocrx_word' id='word_1_75' title='bbox 1396 1193 1618 1241; x_wconf 85' lang='lat' dir='ltr'>mutato</span> <span class='ocrx_word' id='word_1_76' title='bbox 1660 1179 1867 1254; x_wconf 78' lang='lat' dir='ltr'>tellus,</span> <span class='ocrx_word' id='word_1_77' title='bbox 1887 1199 2016 1260; x_wconf 83' lang='lat' dir='ltr'>quae</span> <span class='ocrx_word' id='word_1_78' title='bbox 2042 1198 2178 1240; x_wconf 85' lang='lat' dir='ltr'>vera</span> <span class='ocrx_word' id='word_1_79' title='bbox 2208 1178 2408 1257; x_wconf 83' lang='lat' dir='ltr'>lectio,</span> 
     </span>
     <span class='ocr_line' id='line_1_12' title="bbox 409 1257 2408 1340; baseline -0.001 -18"><span class='ocrx_word' id='word_1_80' title='bbox 409 1283 528 1322; x_wconf 87' lang='lat' dir='ltr'>non</span> <span class='ocrx_word' id='word_1_81' title='bbox 564 1257 799 1337; x_wconf 81' lang='lat' dir='ltr'>habuit,</span> <span class='ocrx_word' id='word_1_82' title='bbox 841 1260 1135 1340; x_wconf 89' lang='lat' dir='ltr'>quomodo</span> <span class='ocrx_word' id='word_1_83' title='bbox 1173 1259 1540 1340; x_wconf 76' lang='lat' dir='ltr'>probabiliter</span> <span class='ocrx_word' id='word_1_84' title='bbox 1578 1272 1825 1319; x_wconf 86' lang='lat' dir='ltr'>mutaret</span> <span class='ocrx_word' id='word_1_85' title='bbox 1855 1259 2049 1338; x_wconf 81' lang='lat' dir='ltr'>feras.</span> <span class='ocrx_word' id='word_1_86' title='bbox 2087 1257 2258 1339; x_wconf 77' lang='lat' dir='ltr'>Legit</span> <span class='ocrx_word' id='word_1_87' title='bbox 2298 1278 2408 1320; x_wconf 86' lang='lat' dir='ltr'>an·</span> 
     </span>
     <span class='ocr_line' id='line_1_13' title="bbox 412 1336 2410 1418; baseline -0.001 -19"><span class='ocrx_word' id='word_1_88' title='bbox 412 1353 528 1399; x_wconf 91' lang='lat' dir='ltr'>tem</span> <span class='ocrx_word' id='word_1_89' title='bbox 545 1380 564 1415; x_wconf 80' lang='lat'>‚</span> <span class='ocrx_word' id='word_1_90' title='bbox 601 1345 894 1418; x_wconf 80' lang='lat' dir='ltr'>utcunque</span> <span class='ocrx_word' id='word_1_91' title='bbox 939 1336 1245 1399; x_wconf 82' lang='lat' dir='ltr'>defendens</span> <span class='ocrx_word' id='word_1_92' title='bbox 1263 1380 1282 1413; x_wconf 80' lang='lat'>,</span> <span class='ocrx_word' id='word_1_93' title='bbox 1310 1337 1499 1417; x_wconf 83' lang='lat' dir='ltr'>feros</span> <span class='ocrx_word' id='word_1_94' title='bbox 1515 1360 1543 1416; x_wconf 84' lang='lat'>‚-</span> <span class='ocrx_word' id='word_1_95' title='bbox 1583 1338 1790 1398; x_wconf 78' lang='lat' dir='ltr'>scilicet</span> <span class='ocrx_word' id='word_1_96' title='bbox 1827 1356 1997 1416; x_wconf 82' lang='lat' dir='ltr'>capos</span> <span class='ocrx_word' id='word_1_97' title='bbox 2025 1383 2042 1414; x_wconf 91' lang='lat'>‚</span> <span class='ocrx_word' id='word_1_98' title='bbox 2078 1349 2208 1398; x_wconf 83' lang='lat' dir='ltr'>ante</span> <span class='ocrx_word' id='word_1_99' title='bbox 2231 1356 2410 1418; x_wconf 84' lang='lat' dir='ltr'>qnam</span> 
     </span>
     <span class='ocr_line' id='line_1_14' title="bbox 408 1415 2407 1497; baseline 0.001 -21"><span class='ocrx_word' id='word_1_100' title='bbox 408 1418 536 1496; x_wconf 85' lang='lat' dir='ltr'>capi</span> <span class='ocrx_word' id='word_1_101' title='bbox 575 1415 755 1494; x_wconf 84' lang='lat' dir='ltr'>fiant,</span> <span class='ocrx_word' id='word_1_102' title='bbox 786 1437 899 1478; x_wconf 86' lang='lat' dir='ltr'>esse</span> <span class='ocrx_word' id='word_1_103' title='bbox 934 1416 1096 1478; x_wconf 83' lang='lat' dir='ltr'>seros.</span> <span class='ocrx_word' id='word_1_104' title='bbox 1133 1417 1345 1490; x_wconf 58' lang='lat' dir='ltr'>Vides3</span> <span class='ocrx_word' id='word_1_105' title='bbox 1379 1434 1556 1496; x_wconf 86' lang='lat' dir='ltr'>qnam</span> <span class='ocrx_word' id='word_1_106' title='bbox 1585 1415 1861 1497; x_wconf 84' lang='lat' dir='ltr'>frigidum</span> <span class='ocrx_word' id='word_1_107' title='bbox 1885 1416 1998 1477; x_wconf 90' lang='lat' dir='ltr'>hoc</span> <span class='ocrx_word' id='word_1_108' title='bbox 2034 1429 2095 1476; x_wconf 88' lang='lat' dir='ltr'>et</span> <span class='ocrx_word' id='word_1_109' title='bbox 2130 1418 2407 1497; x_wconf 86' lang='lat' dir='ltr'>ineptum.</span> 
     </span>
     <span class='ocr_line' id='line_1_15' title="bbox 410 1495 2409 1580; baseline 0.001 -25"><span class='ocrx_word' id='word_1_110' title='bbox 410 1496 575 1556; x_wconf 83' lang='lat' dir='ltr'>Vidit</span> <span class='ocrx_word' id='word_1_111' title='bbox 615 1508 673 1555; x_wconf 88' lang='lat' dir='ltr'>et</span> <span class='ocrx_word' id='word_1_112' title='bbox 708 1496 965 1571; x_wconf 87' lang='lat' dir='ltr'>criticus,</span> <span class='ocrx_word' id='word_1_113' title='bbox 1003 1510 1173 1576; x_wconf 85' lang='lat' dir='ltr'>poeta</span> <span class='ocrx_word' id='word_1_114' title='bbox 1214 1495 1514 1580; x_wconf 79' lang='lat' dir='ltr'>indignum</span> <span class='ocrx_word' id='word_1_115' title='bbox 1549 1514 1708 1572; x_wconf 71' lang='lat' dir='ltr'>essex,</span> <span class='ocrx_word' id='word_1_116' title='bbox 1752 1496 1852 1557; x_wconf 80' lang='lat' dir='ltr'>sed</span> <span class='ocrx_word' id='word_1_117' title='bbox 1888 1508 1954 1556; x_wconf 90' lang='lat' dir='ltr'>ut</span> <span class='ocrx_word' id='word_1_118' title='bbox 1990 1495 2230 1574; x_wconf 87' lang='lat' dir='ltr'>ineptius</span> <span class='ocrx_word' id='word_1_119' title='bbox 2256 1536 2275 1571; x_wconf 80' lang='lat'>‚</span> <span class='ocrx_word' id='word_1_120' title='bbox 2312 1514 2409 1556; x_wconf 90' lang='lat' dir='ltr'>me</span> 
     </span>
     <span class='ocr_line' id='line_1_16' title="bbox 412 1573 2409 1672; baseline -0.001 -36"><span class='ocrx_word' id='word_1_121' title='bbox 412 1574 646 1672; x_wconf 52' lang='lat' dir='ltr'>quinem</span> <span class='ocrx_word' id='word_1_122' title='bbox 687 1573 912 1655; x_wconf 87' lang='lat' dir='ltr'>judice,</span> <span class='ocrx_word' id='word_1_123' title='bbox 968 1574 1331 1667; x_wconf 42' lang='lat' dir='ltr'>decerneren-</span> <span class='ocrx_word' id='word_1_124' title='bbox 1361 1575 1729 1668; x_wconf 38' lang='lat' dir='ltr'>legens-ante</span> <span class='ocrx_word' id='word_1_125' title='bbox 1770 1579 1961 1636; x_wconf 80' lang='lat' dir='ltr'>viros.</span> <span class='ocrx_word' id='word_1_126' title='bbox 2005 1576 2174 1667; x_wconf 75' lang='lat' dir='ltr'>Nunc</span> <span class='ocrx_word' id='word_1_127' title='bbox 2220 1592 2409 1667; x_wconf 69' lang='lat' dir='ltr'>meam</span> 
     </span>
     <span class='ocr_line' id='line_1_17' title="bbox 406 1652 2414 1812; baseline -0.001 -19"><span class='ocrx_word' id='word_1_128' title='bbox 406 1652 2230 1812; x_wconf 54' lang='lat' dir='ltr'>‘3:1¹3ss{221⁶3³„2:³32:qzff‘kffi‘m2312220.{{⁶t;{f,÷„2‘i⁶:,¹ziz</span> <span class='ocrx_word' id='word_1_129' title='bbox 2250 1652 2414 1790; x_wconf 59' lang='lat'>{2⁶33</span> 
     </span>
     <span class='ocr_line' id='line_1_18' title="bbox 414 1809 2407 1893; baseline -0.003 -16"><span class='ocrx_word' id='word_1_130' title='bbox 414 1831 526 1891; x_wconf 73' lang='lat' dir='ltr'>est3</span> <span class='ocrx_word' id='word_1_131' title='bbox 563 1815 719 1882; x_wconf 73' lang='lat' dir='ltr'>unde</span> <span class='ocrx_word' id='word_1_132' title='bbox 757 1816 928 1876; x_wconf 87' lang='lat' dir='ltr'>etiam</span> <span class='ocrx_word' id='word_1_133' title='bbox 966 1809 1165 1888; x_wconf 61' lang='grc' dir='ltr'>δῆλον,</span> <span class='ocrx_word' id='word_1_134' title='bbox 1204 1815 1363 1890; x_wconf 80' lang='lat' dir='ltr'>quasi</span> <span class='ocrx_word' id='word_1_135' title='bbox 1399 1813 1768 1893; x_wconf 86' lang='lat' dir='ltr'>adparentem</span> <span class='ocrx_word' id='word_1_136' title='bbox 1790 1855 1810 1889; x_wconf 81' lang='grc'><em>,</em></span> <span class='ocrx_word' id='word_1_137' title='bbox 1843 1832 1971 1892; x_wconf 80' lang='lat' dir='ltr'>quae</span> <span class='ocrx_word' id='word_1_138' title='bbox 2005 1814 2161 1889; x_wconf 85' lang='lat' dir='ltr'>prius</span> <span class='ocrx_word' id='word_1_139' title='bbox 2201 1811 2407 1872; x_wconf 87' lang='lat' dir='ltr'>occul-</span> 
     </span>
     <span class='ocr_line' id='line_1_19' title="bbox 418 1890 2409 1971; baseline -0.003 -16"><span class='ocrx_word' id='word_1_140' title='bbox 418 1908 534 1956; x_wconf 87' lang='lat' dir='ltr'>tata</span> <span class='ocrx_word' id='word_1_141' title='bbox 568 1895 773 1970; x_wconf 83' lang='lat' dir='ltr'>fuerit,</span> <span class='ocrx_word' id='word_1_142' title='bbox 813 1892 1162 1969; x_wconf 83' lang='lat' dir='ltr'>adpellatam·</span> <span class='ocrx_word' id='word_1_143' title='bbox 1186 1891 1424 1971; x_wconf 86' lang='lat' dir='ltr'>qnidam</span> <span class='ocrx_word' id='word_1_144' title='bbox 1464 1893 1717 1955; x_wconf 81' lang='lat' dir='ltr'>volnere.</span> <span class='ocrx_word' id='word_1_145' title='bbox 1750 1892 1958 1954; x_wconf 82' lang='lat' dir='ltr'>Confer</span> <span class='ocrx_word' id='word_1_146' title='bbox 1987 1892 2149 1952; x_wconf 87' lang='lat' dir='ltr'>Plinii</span> <span class='ocrx_word' id='word_1_147' title='bbox 2179 1913 2226 1952; x_wconf 82' lang='grc' dir='ltr'>ιι</span> <span class='ocrx_word' id='word_1_148' title='bbox 2246 1935 2262 1963; x_wconf 92' lang='grc'><strong><em>,</em></strong></span> <span class='ocrx_word' id='word_1_149' title='bbox 2296 1890 2371 1970; x_wconf 85' lang='lat'>87</span> <span class='ocrx_word' id='word_1_150' title='bbox 2391 1935 2409 1962; x_wconf 94' lang='lat'>‚</span> 
     </span>
     <span class='ocr_line' id='line_1_20' title="bbox 416 1967 2407 2053; baseline -0.003 -19"><span class='ocrx_word' id='word_1_151' title='bbox 416 1972 605 2034; x_wconf 80' lang='lat' dir='ltr'>claroe</span> <span class='ocrx_word' id='word_1_152' title='bbox 615 1975 749 2053; x_wconf 83' lang='lat' dir='ltr'>jam</span> <span class='ocrx_word' id='word_1_153' title='bbox 767 1973 1003 2053; x_wconf 80' lang='lat' dir='ltr'>pridem</span> <span class='ocrx_word' id='word_1_154' title='bbox 1023 1970 1236 2032; x_wconf 72' lang='lat' dir='ltr'>ins-alce</span> <span class='ocrx_word' id='word_1_155' title='bbox 1265 1972 1454 2033; x_wconf 82' lang='lat' dir='ltr'>Delos</span> <span class='ocrx_word' id='word_1_156' title='bbox 1480 1986 1542 2031; x_wconf 84' lang='lat' dir='ltr'>et</span> <span class='ocrx_word' id='word_1_157' title='bbox 1566 1973 1807 2034; x_wconf 78' lang='lat' dir='ltr'>Rhodos</span> <span class='ocrx_word' id='word_1_158' title='bbox 1831 1977 2133 2032; x_wconf 66' lang='lat' dir='ltr'>memoriae</span> <span class='ocrx_word' id='word_1_159' title='bbox 2176 1974 2336 2029; x_wconf 83' lang='lat' dir='ltr'>mari</span> <span class='ocrx_word' id='word_1_160' title='bbox 2346 1967 2407 2045; x_wconf 83' lang='lat'>?)</span> 
     </span>
     <span class='ocr_line' id='line_1_21' title="bbox 413 2047 2411 2133; baseline -0.002 -20"><span class='ocrx_word' id='word_1_161' title='bbox 413 2054 760 2133; x_wconf 83' lang='lat' dir='ltr'>produntur</span> <span class='ocrx_word' id='word_1_162' title='bbox 809 2065 1030 2112; x_wconf 65' lang='lat' dir='ltr'>enatae.</span> <span class='ocrx_word' id='word_1_163' title='bbox 1085 2050 1262 2112; x_wconf 87' lang='lat' dir='ltr'>Vides</span> <span class='ocrx_word' id='word_1_164' title='bbox 1293 2093 1311 2125; x_wconf 88' lang='lat'>,</span> <span class='ocrx_word' id='word_1_165' title='bbox 1364 2051 1646 2111; x_wconf 83' lang='lat' dir='ltr'>diversam</span> <span class='ocrx_word' id='word_1_166' title='bbox 1695 2052 1903 2111; x_wconf 86' lang='lat' dir='ltr'>famam</span> <span class='ocrx_word' id='word_1_167' title='bbox 1962 2067 2078 2108; x_wconf 81' lang='lat' dir='ltr'>esse</span> <span class='ocrx_word' id='word_1_168' title='bbox 2181 2068 2213 2108; x_wconf 93' lang='lat' dir='ltr'>e</span> <span class='ocrx_word' id='word_1_169' title='bbox 2262 2047 2411 2110; x_wconf 80' lang='lat' dir='ltr'>Delo</span> 
     </span>
     <span class='ocr_line' id='line_1_22' title="bbox 410 2129 2489 2291; baseline -0.003 -20"><span class='ocrx_word' id='word_1_170' title='bbox 410 2145 893 2290; x_wconf 57' lang='lat'>3533‘333223</span> <span class='ocrx_word' id='word_1_171' title='bbox 920 2129 1950 2291; x_wconf 57' lang='lat' dir='ltr'>:1223&#39;1‘11&#39;2&#39;553222’5521222503⁰²3ss</span> <span class='ocrx_word' id='word_1_172' title='bbox 1977 2140 2218 2269; x_wconf 58' lang='lat' dir='ltr'>‘ffiz</span> <span class='ocrx_word' id='word_1_173' title='bbox 2249 2145 2410 2265; x_wconf 60' lang='lat'><strong>3:33·</strong></span> <span class='ocrx_word' id='word_1_174' title='bbox 2480 2231 2489 2245; x_wconf 72' lang='lat'><em>·</em></span> 
     </span>
     <span class='ocr_line' id='line_1_23' title="bbox 1653 2243 2409 2285; baseline -0.004 -1"><span class='ocrx_word' id='word_1_175' title='bbox 1653 2250 1669 2268; x_wconf 89' lang='lat'><strong>·</strong></span> <span class='ocrx_word' id='word_1_176' title='bbox 1793 2253 1808 2283; x_wconf 73' lang='lat' dir='ltr'>a</span> <span class='ocrx_word' id='word_1_177' title='bbox 1968 2248 1988 2285; x_wconf 67' lang='grc' dir='ltr'><strong>ι</strong></span> <span class='ocrx_word' id='word_1_178' title='bbox 2388 2243 2409 2281; x_wconf 72' lang='lat' dir='ltr'>s</span> 
     </span>
     <span class='ocr_line' id='line_1_24' title="bbox 418 2288 1400 2351; baseline 0 -1"><span class='ocrx_word' id='word_1_179' title='bbox 418 2289 556 2350; x_wconf 87' lang='lat' dir='ltr'>olim</span> <span class='ocrx_word' id='word_1_180' title='bbox 594 2288 720 2350; x_wconf 86' lang='lat' dir='ltr'>lacu</span> <span class='ocrx_word' id='word_1_181' title='bbox 760 2311 778 2351; x_wconf 73' lang='grc' dir='ltr'><strong><em>ε</em></strong></span> <span class='ocrx_word' id='word_1_182' title='bbox 1032 2303 1037 2306; x_wconf 84' lang='grc'><em>“</em></span> <span class='ocrx_word' id='word_1_183' title='bbox 1394 2289 1400 2296; x_wconf 76' lang='grc'><strong>’</strong></span> 
     </span>
    </p>
   </div>
   <div class='ocr_carea' id='block_1_5' title="bbox 464 2414 1855 2547">
    <p class='ocr_par' dir='ltr' id='par_1_5' title="bbox 464 2414 1855 2547">
     <span class='ocr_line' id='line_1_25' title="bbox 464 2414 1843 2484; baseline 0 -15"><span class='ocrx_word' id='word_1_184' title='bbox 464 2467 481 2476; x_wconf 71' lang='lat'><em>,</em></span> <span class='ocrx_word' id='word_1_185' title='bbox 553 2415 762 2469; x_wconf 81' lang='lat' dir='ltr'>Curtius</span> <span class='ocrx_word' id='word_1_186' title='bbox 796 2414 885 2468; x_wconf 87' lang='lat' dir='ltr'>ille</span> <span class='ocrx_word' id='word_1_187' title='bbox 924 2414 1094 2479; x_wconf 73' lang='lat' dir='ltr'>lacns‘,</span> <span class='ocrx_word' id='word_1_188' title='bbox 1127 2415 1289 2467; x_wconf 84' lang='lat' dir='ltr'>siccas</span> <span class='ocrx_word' id='word_1_189' title='bbox 1397 2416 1409 2428; x_wconf 86' lang='lat'>&#39;</span> <span class='ocrx_word' id='word_1_190' title='bbox 1444 2414 1668 2468; x_wconf 85' lang='lat' dir='ltr'>sustinet</span> <span class='ocrx_word' id='word_1_191' title='bbox 1701 2434 1843 2484; x_wconf 80' lang='lat' dir='ltr'>aras,</span> 
     </span>
     <span class='ocr_line' id='line_1_26' title="bbox 552 2478 1855 2547; baseline 0.001 -13"><span class='ocrx_word' id='word_1_192' title='bbox 552 2482 707 2536; x_wconf 76' lang='lat' dir='ltr'>Nune</span> <span class='ocrx_word' id='word_1_193' title='bbox 735 2482 900 2535; x_wconf 80' lang='lat' dir='ltr'>solida</span> <span class='ocrx_word' id='word_1_194' title='bbox 920 2493 1014 2536; x_wconf 73' lang='lat' dir='ltr'>est</span> <span class='ocrx_word' id='word_1_195' title='bbox 1048 2478 1202 2533; x_wconf 84' lang='lat' dir='ltr'>tellus</span> <span class='ocrx_word' id='word_1_196' title='bbox 1227 2501 1246 2547; x_wconf 80' lang='lat'>3</span> <span class='ocrx_word' id='word_1_197' title='bbox 1278 2498 1333 2532; x_wconf 83' lang='lat' dir='ltr'>se</span> <span class='ocrx_word' id='word_1_198' title='bbox 1411 2481 1514 2532; x_wconf 79' lang='lat' dir='ltr'>fnit</span> <span class='ocrx_word' id='word_1_199' title='bbox 1542 2494 1663 2534; x_wconf 85' lang='lat' dir='ltr'>ante</span> <span class='ocrx_word' id='word_1_200' title='bbox 1693 2482 1855 2535; x_wconf 82' lang='lat' dir='ltr'>lacus.</span> 
     </span>
    </p>
   </div>
   <div class='ocr_carea' id='block_1_6' title="bbox 348 2593 2008 2676">
    <p class='ocr_par' dir='ltr' id='par_1_6' title="bbox 348 2593 2008 2676">
     <span class='ocr_line' id='line_1_27' title="bbox 348 2593 2008 2676; baseline -0.003 -15"><span class='ocrx_word' id='word_1_201' title='bbox 348 2671 355 2676; x_wconf 41' lang='lat'><em>,</em></span> <span class='ocrx_word' id='word_1_202' title='bbox 424 2611 484 2661; x_wconf 88' lang='lat' dir='ltr'>et</span> <span class='ocrx_word' id='word_1_203' title='bbox 529 2596 677 2658; x_wconf 84' lang='lat' dir='ltr'>Met.</span> <span class='ocrx_word' id='word_1_204' title='bbox 716 2617 837 2673; x_wconf 85' lang='lat' dir='ltr'>xv,</span> <span class='ocrx_word' id='word_1_205' title='bbox 875 2593 989 2655; x_wconf 78' lang='lat'>262</span> <span class='ocrx_word' id='word_1_206' title='bbox 1016 2635 1035 2670; x_wconf 78' lang='grc'><em>,</em></span> <span class='ocrx_word' id='word_1_207' title='bbox 1057 2593 1154 2654; x_wconf 87' lang='lat' dir='ltr'>ubi</span> <span class='ocrx_word' id='word_1_208' title='bbox 1196 2604 1396 2654; x_wconf 87' lang='lat' dir='ltr'>nostro</span> <span class='ocrx_word' id='word_1_209' title='bbox 1433 2595 1563 2655; x_wconf 88' lang='lat' dir='ltr'>loco</span> <span class='ocrx_word' id='word_1_210' title='bbox 1604 2595 1953 2657; x_wconf 86' lang='lat' dir='ltr'>simillimum</span> <span class='ocrx_word' id='word_1_211' title='bbox 1992 2618 2008 2656; x_wconf 73' lang='grc' dir='ltr'><strong>ε</strong></span> 
     </span>
    </p>
   </div>
   <div class='ocr_carea' id='block_1_7' title="bbox 510 2742 2115 2885">
    <p class='ocr_par' dir='ltr' id='par_1_7' title="bbox 510 2742 2115 2885">
     <span class='ocr_line' id='line_1_28' title="bbox 554 2742 2115 2821; baseline -0.003 -20"><span class='ocrx_word' id='word_1_212' title='bbox 554 2745 684 2801; x_wconf 84' lang='lat' dir='ltr'>vidi</span> <span class='ocrx_word' id='word_1_213' title='bbox 722 2765 817 2821; x_wconf 82' lang='lat' dir='ltr'>ego</span> <span class='ocrx_word' id='word_1_214' title='bbox 834 2784 852 2816; x_wconf 78' lang='grc'><em>,</em></span> <span class='ocrx_word' id='word_1_215' title='bbox 890 2746 1031 2818; x_wconf 82' lang='lat' dir='ltr'>qnod</span> <span class='ocrx_word' id='word_1_216' title='bbox 1075 2748 1243 2801; x_wconf 83' lang='lat' dir='ltr'>fuerat</span> <span class='ocrx_word' id='word_1_217' title='bbox 1283 2746 1548 2821; x_wconf 84' lang='lat' dir='ltr'>quondam</span> <span class='ocrx_word' id='word_1_218' title='bbox 1581 2744 1891 2799; x_wconf 74' lang='lat' dir='ltr'>solidissima</span> <span class='ocrx_word' id='word_1_219' title='bbox 1930 2742 2115 2810; x_wconf 73' lang='lat' dir='ltr'>tellus,</span> 
     </span>
     <span class='ocr_line' id='line_1_29' title="bbox 510 2813 1880 2885; baseline -0.002 -15"><span class='ocrx_word' id='word_1_220' title='bbox 510 2846 521 2858; x_wconf 91' lang='lat'><em>·</em></span> <span class='ocrx_word' id='word_1_221' title='bbox 618 2813 746 2869; x_wconf 87' lang='lat' dir='ltr'>Esse</span> <span class='ocrx_word' id='word_1_222' title='bbox 782 2816 971 2869; x_wconf 77' lang='lat' dir='ltr'>fretum</span> <span class='ocrx_word' id='word_1_223' title='bbox 987 2852 1005 2883; x_wconf 86' lang='lat'>.‚</span> <span class='ocrx_word' id='word_1_224' title='bbox 1041 2817 1151 2874; x_wconf 80' lang='lat' dir='ltr'>vidi</span> <span class='ocrx_word' id='word_1_225' title='bbox 1182 2816 1340 2871; x_wconf 77' lang='lat' dir='ltr'>factas</span> <span class='ocrx_word' id='word_1_226' title='bbox 1379 2835 1441 2869; x_wconf 85' lang='lat' dir='ltr'>ex</span> <span class='ocrx_word' id='word_1_227' title='bbox 1472 2830 1672 2885; x_wconf 81' lang='lat' dir='ltr'>aequore</span> <span class='ocrx_word' id='word_1_228' title='bbox 1704 2825 1880 2867; x_wconf 85' lang='lat' dir='ltr'>terras.</span> 
     </span>
    </p>
   </div>
   <div class='ocr_carea' id='block_1_8' title="bbox 393 2927 2417 3169">
    <p class='ocr_par' dir='ltr' id='par_1_8' title="bbox 393 2927 2417 3169">
     <span class='ocr_line' id='line_1_30' title="bbox 393 2927 2416 3012; baseline -0.002 -18"><span class='ocrx_word' id='word_1_229' title='bbox 393 2932 651 3011; x_wconf 80' lang='lat' dir='ltr'>‘Quibus</span> <span class='ocrx_word' id='word_1_230' title='bbox 675 2932 826 2994; x_wconf 87' lang='lat' dir='ltr'>lectis</span> <span class='ocrx_word' id='word_1_231' title='bbox 846 2974 866 3011; x_wconf 86' lang='lat'>‚</span> <span class='ocrx_word' id='word_1_232' title='bbox 894 2953 1010 2993; x_wconf 87' lang='lat' dir='ltr'>non</span> <span class='ocrx_word' id='word_1_233' title='bbox 1047 2934 1259 2994; x_wconf 82' lang='lat' dir='ltr'>mireris</span> <span class='ocrx_word' id='word_1_234' title='bbox 1297 2933 1371 2995; x_wconf 90' lang='lat' dir='ltr'>de</span> <span class='ocrx_word' id='word_1_235' title='bbox 1398 2934 1576 2994; x_wconf 86' lang='lat' dir='ltr'>insula</span> <span class='ocrx_word' id='word_1_236' title='bbox 1602 2931 1750 3012; x_wconf 78' lang='lat' dir='ltr'>Delo</span> <span class='ocrx_word' id='word_1_237' title='bbox 1789 2929 1951 2991; x_wconf 79' lang='lat' dir='ltr'>simili</span> <span class='ocrx_word' id='word_1_238' title='bbox 1985 2927 2160 2989; x_wconf 90' lang='lat' dir='ltr'>modo</span> <span class='ocrx_word' id='word_1_239' title='bbox 2186 2941 2416 3010; x_wconf 84' lang='lat' dir='ltr'>poetam</span> 
     </span>
     <span class='ocr_line' id='line_1_31' title="bbox 423 3007 2417 3093; baseline 0 -22"><span class='ocrx_word' id='word_1_240' title='bbox 423 3012 664 3086; x_wconf 77' lang='lat' dir='ltr'>dixisse,</span> <span class='ocrx_word' id='word_1_241' title='bbox 701 3011 837 3073; x_wconf 91' lang='lat' dir='ltr'>olim</span> <span class='ocrx_word' id='word_1_242' title='bbox 875 3009 1042 3071; x_wconf 79' lang='lat' dir='ltr'>fnisse</span> <span class='ocrx_word' id='word_1_243' title='bbox 1087 3011 1317 3074; x_wconf 81' lang='lat' dir='ltr'>fretum.</span> <span class='ocrx_word' id='word_1_244' title='bbox 1369 3011 1591 3093; x_wconf 78' lang='lat' dir='ltr'>Atqui,</span> <span class='ocrx_word' id='word_1_245' title='bbox 1628 3024 1692 3072; x_wconf 87' lang='lat' dir='ltr'>ut</span> <span class='ocrx_word' id='word_1_246' title='bbox 1733 3011 1848 3070; x_wconf 84' lang='lat' dir='ltr'>boc</span> <span class='ocrx_word' id='word_1_247' title='bbox 1878 3007 2058 3089; x_wconf 85' lang='lat' dir='ltr'>dicat,</span> <span class='ocrx_word' id='word_1_248' title='bbox 2098 3028 2204 3088; x_wconf 83' lang='lat' dir='ltr'>pro</span> <span class='ocrx_word' id='word_1_249' title='bbox 2228 3007 2417 3088; x_wconf 73' lang='lat' dir='ltr'>firas-</span> 
     </span>
     <span class='ocr_line' id='line_1_32' title="bbox 417 3089 1870 3169; baseline 0 -20"><span class='ocrx_word' id='word_1_250' title='bbox 417 3089 542 3167; x_wconf 80' lang='lat' dir='ltr'>lege</span> <span class='ocrx_word' id='word_1_251' title='bbox 555 3090 831 3169; x_wconf 67' lang='lat' dir='ltr'>fretum,</span> <span class='ocrx_word' id='word_1_252' title='bbox 864 3103 931 3151; x_wconf 85' lang='lat' dir='ltr'>ut</span> <span class='ocrx_word' id='word_1_253' title='bbox 965 3094 1037 3151; x_wconf 80' lang='lat' dir='ltr'>sit</span> <span class='ocrx_word' id='word_1_254' title='bbox 1074 3112 1091 3150; x_wconf 75' lang='lat' dir='ltr'><em>z</em></span> <span class='ocrx_word' id='word_1_255' title='bbox 1835 3109 1870 3128; x_wconf 56' lang='lat'>*·</span> 
     </span>
    </p>
   </div>
   <div class='ocr_carea' id='block_1_9' title="bbox 550 3172 1727 3285">
    <p class='ocr_par' dir='ltr' id='par_1_9' title="bbox 550 3172 1727 3285">
     <span class='ocr_line' id='line_1_33' title="bbox 550 3172 1727 3285; baseline 0.002 -18"><span class='ocrx_word' id='word_1_256' title='bbox 550 3212 662 3267; x_wconf 73' lang='lat' dir='ltr'>Nec</span> <span class='ocrx_word' id='word_1_257' title='bbox 692 3211 845 3268; x_wconf 84' lang='lat' dir='ltr'>tellus</span> <span class='ocrx_word' id='word_1_258' title='bbox 880 3231 1037 3285; x_wconf 83' lang='lat' dir='ltr'>capos</span> <span class='ocrx_word' id='word_1_259' title='bbox 1077 3215 1287 3268; x_wconf 77' lang='lat' dir='ltr'>miserat</span> <span class='ocrx_word' id='word_1_260' title='bbox 1308 3251 1326 3283; x_wconf 78' lang='grc'><em>,</em></span> <span class='ocrx_word' id='word_1_261' title='bbox 1357 3229 1478 3269; x_wconf 86' lang='lat' dir='ltr'>ante</span> <span class='ocrx_word' id='word_1_262' title='bbox 1520 3172 1727 3270; x_wconf 74' lang='lat' dir='ltr'>fretum.</span> 
     </span>
    </p>
   </div>
   <div class='ocr_carea' id='block_1_10' title="bbox 400 3352 2424 4072">
    <p class='ocr_par' dir='ltr' id='par_1_10' title="bbox 400 3352 2424 4072">
     <span class='ocr_line' id='line_1_34' title="bbox 406 3352 2417 3436; baseline 0.001 -20"><span class='ocrx_word' id='word_1_263' title='bbox 406 3353 600 3416; x_wconf 58' lang='lat' dir='ltr'>Vides</span> <span class='ocrx_word' id='word_1_264' title='bbox 632 3352 861 3434; x_wconf 79' lang='lat' dir='ltr'>phrasin</span> <span class='ocrx_word' id='word_1_265' title='bbox 892 3370 949 3418; x_wconf 93' lang='lat' dir='ltr'>et</span> <span class='ocrx_word' id='word_1_266' title='bbox 968 3357 1443 3416; x_wconf 75' lang='lat' dir='ltr'>constructionem</span> <span class='ocrx_word' id='word_1_267' title='bbox 1485 3356 1751 3431; x_wconf 82' lang='lat' dir='ltr'>latinam3</span> <span class='ocrx_word' id='word_1_268' title='bbox 1779 3355 1977 3436; x_wconf 86' lang='lat' dir='ltr'>quidni</span> <span class='ocrx_word' id='word_1_269' title='bbox 2014 3356 2162 3417; x_wconf 89' lang='lat' dir='ltr'>enim</span> <span class='ocrx_word' id='word_1_270' title='bbox 2193 3357 2417 3419; x_wconf 80' lang='lat' dir='ltr'>dicatur</span> 
     </span>
     <span class='ocr_line' id='line_1_35' title="bbox 425 3434 2419 3517; baseline 0.001 -21"><span class='ocrx_word' id='word_1_271' title='bbox 425 3434 631 3509; x_wconf 63' lang='lat' dir='ltr'>tellure,</span> <span class='ocrx_word' id='word_1_272' title='bbox 661 3447 806 3493; x_wconf 85' lang='lat' dir='ltr'>ante</span> <span class='ocrx_word' id='word_1_273' title='bbox 810 3434 1050 3513; x_wconf 79' lang='lat' dir='ltr'>fretum</span> <span class='ocrx_word' id='word_1_274' title='bbox 1070 3481 1085 3509; x_wconf 93' lang='lat'>,</span> <span class='ocrx_word' id='word_1_275' title='bbox 1113 3456 1219 3517; x_wconf 88' lang='lat' dir='ltr'>pro</span> <span class='ocrx_word' id='word_1_276' title='bbox 1239 3435 1416 3496; x_wconf 70' lang='lat' dir='ltr'>tellus·</span> <span class='ocrx_word' id='word_1_277' title='bbox 1433 3477 1453 3512; x_wconf 84' lang='lat'>‚</span> <span class='ocrx_word' id='word_1_278' title='bbox 1478 3455 1618 3516; x_wconf 83' lang='lat' dir='ltr'>quoe</span> <span class='ocrx_word' id='word_1_279' title='bbox 1633 3435 1767 3514; x_wconf 63' lang='lat' dir='ltr'>finit</span> <span class='ocrx_word' id='word_1_280' title='bbox 1794 3438 2169 3517; x_wconf 76' lang='lat' dir='ltr'>antefietum</span> <span class='ocrx_word' id='word_1_281' title='bbox 2191 3435 2222 3498; x_wconf 69' lang='grc' dir='ltr'>Ρ</span> <span class='ocrx_word' id='word_1_282' title='bbox 2247 3438 2419 3497; x_wconf 81' lang='lat' dir='ltr'>Vides</span> 
     </span>
     <span class='ocr_line' id='line_1_36' title="bbox 408 3514 2420 3595; baseline -0.001 -20"><span class='ocrx_word' id='word_1_283' title='bbox 408 3532 653 3576; x_wconf 75' lang='lat' dir='ltr'>sensum</span> <span class='ocrx_word' id='word_1_284' title='bbox 674 3553 693 3586; x_wconf 82' lang='lat'>‚</span> <span class='ocrx_word' id='word_1_285' title='bbox 714 3531 832 3594; x_wconf 88' lang='lat' dir='ltr'>quo</span> <span class='ocrx_word' id='word_1_286' title='bbox 848 3556 866 3588; x_wconf 86' lang='lat'>‚</span> <span class='ocrx_word' id='word_1_287' title='bbox 907 3518 1124 3588; x_wconf 82' lang='lat' dir='ltr'>nescio,</span> <span class='ocrx_word' id='word_1_288' title='bbox 1144 3514 1283 3594; x_wconf 86' lang='lat' dir='ltr'>quid</span> <span class='ocrx_word' id='word_1_289' title='bbox 1308 3514 1498 3595; x_wconf 86' lang='lat' dir='ltr'>aptius</span> <span class='ocrx_word' id='word_1_290' title='bbox 1542 3514 1618 3574; x_wconf 84' lang='lat' dir='ltr'>ad</span> <span class='ocrx_word' id='word_1_291' title='bbox 1654 3534 1774 3575; x_wconf 87' lang='lat' dir='ltr'>rem</span> <span class='ocrx_word' id='word_1_292' title='bbox 1797 3517 2079 3594; x_wconf 74' lang='lat' dir='ltr'>cogitetur</span> <span class='ocrx_word' id='word_1_293' title='bbox 2097 3559 2115 3591; x_wconf 82' lang='lat'>‚</span> <span class='ocrx_word' id='word_1_294' title='bbox 2139 3514 2420 3577; x_wconf 83' lang='lat' dir='ltr'>eundem-</span> 
     </span>
     <span class='ocr_line' id='line_1_37' title="bbox 420 3592 2418 3673; baseline -0.001 -22"><span class='ocrx_word' id='word_1_295' title='bbox 420 3613 537 3673; x_wconf 82' lang='lat' dir='ltr'>que</span> <span class='ocrx_word' id='word_1_296' title='bbox 577 3592 752 3652; x_wconf 85' lang='lat' dir='ltr'>docto</span> <span class='ocrx_word' id='word_1_297' title='bbox 789 3607 958 3673; x_wconf 84' lang='lat' dir='ltr'>poeta</span> <span class='ocrx_word' id='word_1_298' title='bbox 1003 3593 1275 3673; x_wconf 73' lang='lat' dir='ltr'>dignnm3</span> <span class='ocrx_word' id='word_1_299' title='bbox 1330 3594 1470 3673; x_wconf 80' lang='lat' dir='ltr'>qui,</span> <span class='ocrx_word' id='word_1_300' title='bbox 1516 3612 1700 3673; x_wconf 86' lang='lat' dir='ltr'>quum</span> <span class='ocrx_word' id='word_1_301' title='bbox 1756 3595 1875 3653; x_wconf 89' lang='lat' dir='ltr'>solo</span> <span class='ocrx_word' id='word_1_302' title='bbox 1935 3596 2128 3656; x_wconf 83' lang='lat' dir='ltr'>insnlae</span> <span class='ocrx_word' id='word_1_303' title='bbox 2188 3593 2418 3653; x_wconf 89' lang='lat' dir='ltr'>nomine</span> 
     </span>
     <span class='ocr_line' id='line_1_38' title="bbox 423 3668 2422 3753; baseline 0.001 -24"><span class='ocrx_word' id='word_1_304' title='bbox 423 3690 656 3733; x_wconf 79' lang='lat' dir='ltr'>versum</span> <span class='ocrx_word' id='word_1_305' title='bbox 671 3685 685 3694; x_wconf 87' lang='grc'><em>·</em></span> <span class='ocrx_word' id='word_1_306' title='bbox 703 3671 939 3753; x_wconf 88' lang='lat' dir='ltr'>implere</span> <span class='ocrx_word' id='word_1_307' title='bbox 991 3693 1108 3732; x_wconf 89' lang='lat' dir='ltr'>non</span> <span class='ocrx_word' id='word_1_308' title='bbox 1154 3680 1338 3752; x_wconf 77' lang='lat' dir='ltr'>posset</span> <span class='ocrx_word' id='word_1_309' title='bbox 1365 3713 1385 3748; x_wconf 84' lang='lat'>‚</span> <span class='ocrx_word' id='word_1_310' title='bbox 1428 3690 1531 3732; x_wconf 90' lang='lat' dir='ltr'>nec</span> <span class='ocrx_word' id='word_1_311' title='bbox 1581 3671 1819 3732; x_wconf 83' lang='lat' dir='ltr'>haberet</span> <span class='ocrx_word' id='word_1_312' title='bbox 1857 3674 2018 3753; x_wconf 87' lang='lat' dir='ltr'>qnod</span> <span class='ocrx_word' id='word_1_313' title='bbox 2070 3668 2422 3733; x_wconf 71' lang='lat' dir='ltr'>commodius</span> 
     </span>
     <span class='ocr_line' id='line_1_39' title="bbox 424 3750 2422 3831; baseline 0.002 -24"><span class='ocrx_word' id='word_1_314' title='bbox 424 3750 799 3829; x_wconf 72' lang='lat' dir='ltr'>adjiceretur,</span> <span class='ocrx_word' id='word_1_315' title='bbox 857 3752 934 3810; x_wconf 87' lang='lat' dir='ltr'>rei</span> <span class='ocrx_word' id='word_1_316' title='bbox 983 3750 1275 3831; x_wconf 78' lang='lat' dir='ltr'>singularis</span> <span class='ocrx_word' id='word_1_317' title='bbox 1315 3751 1664 3811; x_wconf 86' lang='lat' dir='ltr'>mentionem</span> <span class='ocrx_word' id='word_1_318' title='bbox 1716 3752 1955 3813; x_wconf 87' lang='lat' dir='ltr'>inserens</span> <span class='ocrx_word' id='word_1_319' title='bbox 1986 3794 2005 3827; x_wconf 80' lang='lat'>,</span> <span class='ocrx_word' id='word_1_320' title='bbox 2056 3750 2265 3810; x_wconf 86' lang='lat' dir='ltr'>Delum</span> <span class='ocrx_word' id='word_1_321' title='bbox 2310 3767 2422 3810; x_wconf 88' lang='lat' dir='ltr'>nec</span> 
     </span>
     <span class='ocr_line' id='line_1_40' title="bbox 424 3828 2420 3911; baseline 0 -25"><span class='ocrx_word' id='word_1_322' title='bbox 424 3828 665 3889; x_wconf 86' lang='lat' dir='ltr'>obscure</span> <span class='ocrx_word' id='word_1_323' title='bbox 704 3833 810 3888; x_wconf 89' lang='lat' dir='ltr'>nec</span> <span class='ocrx_word' id='word_1_324' title='bbox 844 3829 1109 3908; x_wconf 82' lang='lat' dir='ltr'>ambigue</span> <span class='ocrx_word' id='word_1_325' title='bbox 1157 3828 1474 3908; x_wconf 81' lang='lat' dir='ltr'>designavit</span> <span class='ocrx_word' id='word_1_326' title='bbox 1506 3870 1525 3906; x_wconf 88' lang='lat'>,</span> <span class='ocrx_word' id='word_1_327' title='bbox 1557 3829 1772 3909; x_wconf 87' lang='lat' dir='ltr'>quippe</span> <span class='ocrx_word' id='word_1_328' title='bbox 1814 3829 2160 3911; x_wconf 79' lang='lat' dir='ltr'>conjungens</span> <span class='ocrx_word' id='word_1_329' title='bbox 2205 3845 2270 3886; x_wconf 89' lang='lat' dir='ltr'>ca</span> <span class='ocrx_word' id='word_1_330' title='bbox 2312 3847 2375 3886; x_wconf 89' lang='lat' dir='ltr'>os</span> <span class='ocrx_word' id='word_1_331' title='bbox 2399 3868 2420 3904; x_wconf 82' lang='lat'><strong>‚</strong></span> 
     </span>
     <span class='ocr_line' id='line_1_41' title="bbox 400 3906 2421 3989; baseline -0 -24"><span class='ocrx_word' id='word_1_332' title='bbox 400 3923 673 3983; x_wconf 59' lang='lat' dir='ltr'>quornm</span> <span class='ocrx_word' id='word_1_333' title='bbox 710 3906 790 3966; x_wconf 90' lang='lat' dir='ltr'>ibi</span> <span class='ocrx_word' id='word_1_334' title='bbox 825 3907 1233 3969; x_wconf 86' lang='lat' dir='ltr'>commercium</span> <span class='ocrx_word' id='word_1_335' title='bbox 1267 3909 1460 3987; x_wconf 81' lang='lat' dir='ltr'>vigere</span> <span class='ocrx_word' id='word_1_336' title='bbox 1481 3950 1501 3983; x_wconf 78' lang='grc'><strong><em>,</em></strong></span> <span class='ocrx_word' id='word_1_337' title='bbox 1540 3927 1802 3989; x_wconf 82' lang='lat' dir='ltr'>quosque</span> <span class='ocrx_word' id='word_1_338' title='bbox 1822 3911 1951 3969; x_wconf 86' lang='lat' dir='ltr'>inde</span> <span class='ocrx_word' id='word_1_339' title='bbox 1977 3909 2223 3967; x_wconf 80' lang='lat' dir='ltr'>Romam</span> <span class='ocrx_word' id='word_1_340' title='bbox 2282 3907 2421 3982; x_wconf 79' lang='lat' dir='ltr'>etri,</span> 
     </span>
     <span class='ocr_line' id='line_1_42' title="bbox 408 3983 2424 4072; baseline 0.002 -27"><span class='ocrx_word' id='word_1_341' title='bbox 408 3983 602 4063; x_wconf 82' lang='lat' dir='ltr'>’vulgo</span> <span class='ocrx_word' id='word_1_342' title='bbox 636 3997 843 4049; x_wconf 86' lang='lat' dir='ltr'>notum</span> <span class='ocrx_word' id='word_1_343' title='bbox 884 4001 1043 4066; x_wconf 85' lang='lat' dir='ltr'>erat,</span> <span class='ocrx_word' id='word_1_344' title='bbox 1065 4004 1198 4050; x_wconf 86' lang='lat' dir='ltr'>cum</span> <span class='ocrx_word' id='word_1_345' title='bbox 1234 3988 1573 4072; x_wconf 75' lang='lat' dir='ltr'>pervulgata</span> <span class='ocrx_word' id='word_1_346' title='bbox 1606 3985 1758 4052; x_wconf 71' lang='lat' dir='ltr'>fama</span> <span class='ocrx_word' id='word_1_347' title='bbox 1792 3986 1865 4050; x_wconf 85' lang='lat' dir='ltr'>de</span> <span class='ocrx_word' id='word_1_348' title='bbox 1893 3986 2076 4051; x_wconf 73' lang='lat' dir='ltr'>insula</span> <span class='ocrx_word' id='word_1_349' title='bbox 2108 3984 2247 4050; x_wconf 83' lang='lat' dir='ltr'>olim</span> <span class='ocrx_word' id='word_1_350' title='bbox 2280 3985 2424 4050; x_wconf 74' lang='lat' dir='ltr'>mari</span> 
     </span>
    </p>
   </div>
   <div class='ocr_carea' id='block_1_11' title="bbox 2297 4219 2332 4248">
    <p class='ocr_par' dir='ltr' id='par_1_11' title="bbox 2297 4219 2332 4248">
     <span class='ocr_line' id='line_1_43' title="bbox 2297 4219 2332 4248; baseline 0 0"><span class='ocrx_word' id='word_1_351' title='bbox 2297 4219 2332 4248; x_wconf 52' lang='lat' dir='ltr'><strong>k</strong></span> 
     </span>
    </p>
   </div>
  </div>
 </body>
</html>
