2742 4509
384 375 730 455 Quanquam
762 369 958 433 eadem
978 370 1038 431 in
1067 369 1330 430 omnibus
1366 366 1725 429 confidentia.
1759 367 2057 449 Nusquam
2088 366 2352 447 dubitat,

387 473 604 534 semper
640 452 887 511 decernit
907 492 925 525 ,
963 465 1026 510 ut
1061 453 1260 509 merito
1292 449 1520 508 decreta
1552 448 1674 525 ejus
1705 449 2117 509 emendationes
2147 449 2353 527 adpel-

385 531 580 593 lemus.
614 532 834 593 Scilicet
854 571 874 606 ,
910 548 1094 608 quum
1130 548 1280 587 nova
1327 531 1418 588 via
1457 528 1716 602 incedat,
1759 547 1861 587 cur
1886 526 2209 588 incredibile
2244 528 2360 602 sit,

379 629 512 669 eum
564 610 863 689 reperisse,
923 628 1053 688 quae
1106 609 1198 666 via
1246 608 1320 666 ab
1368 608 1627 678 Heinsio,
1686 610 2005 667 Burmanno
2029 649 2047 681 ,
2099 606 2351 683 Gierigio

380 688 608 767 aliisque
643 689 857 748 calcata
892 687 1121 767 reperiri
1157 708 1269 746 non
1296 689 1632 763 potuerint?
1675 688 1907 747 Interim
1942 705 2034 744 me
2063 684 2354 747 communi

381 768 552 829 etiam
585 770 677 827 via
714 766 1123 844 ingredientem
1156 766 1352 825 audire
1395 767 1547 825 velis.
2293 779 2300 785 ·

455 846 523 904 In
554 865 720 905 versu
743 847 931 906 medio
963 865 1091 924 quae
1120 843 1448 918 offendant,
1482 844 1598 904 dixi
1623 866 1637 904 t
1669 843 1877 924 quibus
1913 839 2059 902 ad'de
2079 886 2094 915 ‚
2121 836 2352 903 minime

379 922 693 983 absurdum
742 945 897 998 esse,
943 925 986 983 si
1023 926 1291 1005 Apollinis
1329 925 1672 983 mentionem
1731 923 1895 981 faciat
1943 922 2243 1001 nympba3
2290 922 2356 983 in

376 1000 493 1060 hoc
525 1004 674 1063 enim
711 1002 1001 1078 Sprengeli
1035 1006 1313 1063 assentior.
1360 1003 1520 1076 Quid
1559 1003 1768 1081 igitur,
1810 999 2030 1077 fingens
2053 1042 2078 1073 ,
2127 1014 2357 1082 poetam

374 1081 652 1157 scripsisse
684 1085 787 1140 cui
820 1085 1060 1141 nimium
1098 1083 1341 1162 placui,
1378 1083 1526 1140 deus
1560 1096 1649 1140 est
1689 1104 1709 1142 .·
1751 1081 1841 1141 νεὶ
1874 1084 2017 1139 siste
2038 1120 2055 1150 ,
2098 1079 2201 1139 vel
2241 1092 2351 1138 etc.

371 1156 685 1218 haber-esne
746 1179 905 1220 sensu
955 1161 1465 1221 commendandum
1498 1202 1516 1235 ,
1562 1160 1871 1239 Apollinis,
1926 1172 2066 1237 puta
2088 1204 2102 1231 ,
2155 1158 2256 1238 qui
2291 1177 2354 1218 se

370 1235 550 1296 deum
596 1237 653 1296 in
694 1238 1134 1317 praecedentibus
1164 1240 1476 1311 confessus,
1510 1239 1886 1312 mentionem,
1911 1237 2171 1300 idoneam
2203 1255 2348 1296 cau-

371 1333 495 1374 sam
518 1356 534 1385 ‚
573 1335 674 1376 cur
717 1321 883 1394 patris
927 1338 1139 1378 numen
1161 1361 1181 1393 ,
1232 1321 1371 1379 dens
1423 1333 1617 1378 contra
1681 1318 1852 1378 deum
1898 1318 2196 1379 invocetur
2216 1357 2235 1390 ,
2287 1326 2348 1375 et

367 1393 430 1453 in
474 1394 657 1454 verbis
696 1398 837 1455 siste
874 1397 1029 1476 (scil.
1083 1398 1309 1489 deum)
1331 1438 1350 1473 ,
1408 1398 1510 1455 vel
1542 1398 1824 1458 mutando
1869 1399 2052 1472 perde
2073 1397 2351 1475 figuram

372 1492 441 1533 ea
461 1515 480 1546 ,
519 1491 646 1552 quae
679 1476 1014 1535 conveniant
1044 1476 1246 1555 puellae
1263 1475 1515 1554 jamjam
1548 1479 1667 1535 vim
1698 1474 1986 1553 passuras?
2021 1475 2348 1553 Equidem,

366 1551 508 1641 quid
545 1552 729 1631 aptius
747 1553 1007 1628 dicatur,
1045 1574 1157 1613 non
1186 1555 1420 1633 reperio.
1458 1558 1539 1612 At
1573 1568 1761 1614 textus
1792 1552 2158 1612 mutationem
2181 1594 2198 1627 ,
2234 1552 2348 1616 ob·-

312 1651 323 1662 ’
364 1633 554 1708 Jicies,
591 1632 990 1692 essesnimiam.
1027 1632 1237 1693 Fateor
1261 1679 1277 1706 ,
1310 1632 1410 1694 sed
1450 1645 1672 1709 tamen,
1708 1651 1825 1712 quo
1860 1630 2162 1691 defendam
2180 1674 2198 1706 ,
2234 1630 2352 1690 ha-

282 1775 293 1783 ,
367 1709 499 1769 beo.
542 1709 820 1771 Ponamus
854 1712 1005 1770 enim
1041 1729 1272 1772 versum
1312 1713 1522 1787 fuisse,
1549 1713 1777 1794 qualem
1809 1708 2116 1785 finximus,
2154 1708 2349 1784 vides,

367 1788 545 1848 semel
597 1802 817 1850 mutato
858 1793 1000 1849 siste
1045 1792 1103 1850 in
1160 1790 1318 1852 hisce
1356 1834 1376 1867 ,
1439 1810 1545 1853 nec
1605 1791 1696 1852 vel
1743 1809 1970 1852 manere
2005 1832 2025 1865 ,
2077 1803 2351 1868 corrupto

369 1877 589 1940 metro,
628 1869 904 1944 potuisse,
936 1882 993 1929 et
1019 1868 1219 1946 hisce,
1257 1889 1441 1949 quum
1458 1870 1533 1931 ad
1557 1889 1783 1931 amnem
1804 1869 2147 1945 referretur,
2183 1871 2351 1946 inep-

364 1956 495 2005 tum
520 1986 540 2021 ,
588 1959 655 2004 ut
698 1968 723 2006 s
806 1966 866 2005 ra
903 1946 1401 2010 animadvertimus
1422 1995 1438 2022 ‚
1479 1949 1785 2011 obscurum
1824 1947 1989 2009 fuisse
2025 1969 2045 2023 ς
2090 1946 2251 2026 quod
2283 1957 2350 2006 ut

365 2037 503 2099 apto
551 2026 771 2085 vocabu
799 2048 834 2085 ο
879 2027 981 2107 jun
1024 2041 1211 2088 eretur
1238 2069 1259 2102 ,
1309 2030 1570 2089 fateberis
1597 2075 1613 2101 ‚
1662 2027 1885 2089 nullum
1940 2027 2102 2087 citius
2154 2023 2350 2087 induci
2409 2084 2416 2092 ,

369 2101 624 2164 debuisse
643 2145 662 2178 ,
713 2124 890 2185 quam
925 2046 1106 2164 refixas
1126 2130 1151 2182 ,-
1192 2109 1305 2167 boe
1352 2125 1491 2166 vero
1529 2106 1762 2164 inducto
1783 2150 1799 2178 ,
1842 2106 1960 2181 jam
1996 2104 2343 2166 mutandum

362 2180 531 2243 fuisse
564 2187 700 2257 cui,
761 2198 827 2243 ut
873 2183 942 2244 ad
990 2184 1169 2243 tellus
1202 2203 1313 2241 non
1351 2183 1520 2337 {lane
1556 2181 1795 2239 absurde
1847 2182 2169 2243 referretur.
2215 2183 2351 2243 Nou

360 2261 551 2319 minus
596 2262 877 2336 probabili
912 2262 1131 2319 ratione
1171 2257 1245 2316 ad
1275 2277 1352 2318 vu
1415 2277 1569 2317 arem
1600 2259 1895 2318 lectionem
1933 2262 2221 2332 pervenies
2243 2300 2262 2332 ,
2299 2259 2352 2318 si
2413 2273 2460 2313 υ

365 2339 555 2414 primo
596 2352 937 2411 corruptum
995 2354 1110 2390 esse
1157 2333 1337 2412 fingas
1376 2339 1525 2396 deus
1574 2350 1663 2396 est
1704 2337 1759 2395 in
1802 2334 2004 2396 telluS.
2037 2336 2155 2398 Sed
2189 2336 2346 2399 aliud

364 2411 669 2493 probabilis
689 2451 706 2485 ,
726 2411 881 2470 aliud
907 2425 1056 2470 certa
1077 2412 1394 2473 emendatio
1413 2457 1432 2490 ,
1471 2415 1663 2493 quales
1700 2429 1834 2476 sunt
1855 2413 2036 2493 Spren
2077 2416 2191 2476 elis.
2225 2415 2346 2477 Nos

361 2487 782 2568 conjecturam,
817 2509 934 2548 non
974 2488 1207 2564 dubito,
1243 2493 1381 2570 quin
1420 2512 1669 2568 novam,
1707 2493 2016 2573 adjecimus
2078 2513 2181 2553 ooo
2226 2515 2347 2554 su-

357 2580 566 2706 speizlto·
599 2579 657 2626 et
692 2587 725 2627 a
759 2566 951 2627 multis
996 2568 1150 2629 varie
1194 2581 1447 2649 tentato,
1491 2592 1598 2635 uec
1640 2574 1771 2634 satis
1810 2586 1911 2634 aut
1960 2570 2190 2634 defenso
2242 2585 2347 2635 aut

363 2668 431 2709 ex
499 2658 655 2706 rento.

436 2667 528 2802 fl,
574 2746 597 2784 1
615 2746 710 2806 17,
751 2724 1034 2806 (Spreng.
1070 2746 1129 2807 p.
1164 2724 1272 2805 6.)
1299 2728 1523 2791 criticus
1547 2732 1789 2810 explicat
1812 2729 1951 2812 quid
1972 2730 2041 2790 sit
2058 2745 2344 2792 extremae

357 2806 587 2880 Lunoe,
638 2806 1066 2880 Bur-mannum,
1118 2804 1431 2887 Gierigium
1459 2850 1478 2882 ,
1529 2809 1794 2871 Vossium
1842 2810 2015 2868 etiam
2063 2829 2341 2888 carpens3

359 2903 535 2974 fluam
572 2897 761 2954 recte,
805 2883 1003 2958 mitto,
1056 2901 1187 2944 cum
1234 2886 1601 2949 emendatore
1644 2889 1795 2949 enim
1839 2887 1983 2947 mihi
2015 2908 2159 2950 ,non
2207 2906 2344 2948 cum

358 2975 663 3042 interprete
699 2962 990 3039 negotium
1023 2977 1122 3023 est.
1164 3020 1170 3026 .

434 3042 525 3112 11,
564 3040 716 3120 839,
762 3040 1036 3119 (Spreng.
1086 3062 1147 3122 p.
1185 3041 1286 3121 7.)
1336 3046 1654 3130 interpretis
1698 3046 1909 3127 pariter
1960 3045 2167 3108 lauden
2207 3067 2341 3111 cum

364 3116 599 3178 aliorum
642 3119 1070 3198 reprehensione
1091 3162 1110 3196 ,
1148 3133 1207 3181 et
1248 3122 1490 3205 insigni,
1531 3141 1598 3187 nt
1631 3145 1858 3187 cernere
1895 3138 1981 3186 est
2003 3171 2019 3200 ,
2062 3127 2341 3193 industria

363 3198 613 3277 quaesivit
659 3198 931 3278 Sprengel
977 3199 1035 3258 in
1079 3198 1202 3260 loco
1233 3220 1250 3259 ε
1637 3240 1647 3276 1

557 3325 786 3409 Quaeque
823 3340 968 3380 tuam
1003 3341 1222 3396 matrem
1255 3328 1407 3384 tellus
1445 3349 1474 3382 a
1504 3343 1652 3402 parte
1681 3333 1887 3388 sinistra

428 3419 451 3444 .-
550 3396 787 3516 1Sluspicit
830 3413 853 3468 :-
880 3395 1136 3468 indigene
1175 3396 1453 3453 Sithonida
1489 3399 1698 3452 nomine
1740 3400 1924 3454 dicunt
1958 3418 1975 3457 t

607 3479 702 3514 auc
724 3475 869 3533 pete.

347 3578 460 3639 Hic
498 3577 673 3656 igitur
705 3578 844 3637 nihil
889 3577 1187 3656 adderem,
1226 3581 1553 3642 sicriticum
1581 3581 1639 3642 id
1678 3598 1991 3645 assecutum
2042 3607 2155 3646 esse
2184 3587 2335 3647 exis-

247 3706 253 3713 .
347 3660 607 3720 timarem
629 3703 648 3731 ,
691 3677 764 3716 ne
804 3677 977 3735 porro
1013 3659 1283 3738 cuiquam
1311 3660 1571 3723 dubitare
1605 3662 1795 3724 liceret
1831 3664 1903 3724 de
1948 3665 2336 3741 loci-integri-

347 3751 463 3798 tate
496 3756 512 3794 ε
543 3739 644 3828 qui
682 3735 826 3795 mihi
844 3734 1109 3815 quidem,
1145 3754 1472 3815 comparata
1499 3742 1656 3802 varia
1697 3742 2331 3823 ejusinterpretatione,

342 3817 470 3878 talis
512 3814 779 3888 videtur,
833 3828 900 3873 ut
946 3816 1130 3894 potius
1186 3817 1242 3876 in
1296 3819 1654 3882 emendando
1688 3841 1863 3903 quam
1905 3820 1960 3879 in
2000 3817 2333 3895 explicando

342 3893 602 3960 laborare
643 3905 1053 3953 commentores
1092 3892 1408 3957 debuerint.
1459 3899 1876 3959 Difficultatem
1919 3910 2108 3959 autem
2155 3911 2333 3961 totam

340 3974 500 4039 vides
534 3979 594 4039 iu
633 3971 821 4039 verbis
861 3987 1028 4038 tuam
1066 3987 1332 4037 matrem.
1371 3975 1479 4042 His
1519 3978 1672 4040 enim
1709 3977 2064 4040 manentibus
2087 4018 2108 4057 ,
2150 3997 2331 4060 quum
