2742 4509
1121 175 1374 286 (2⁵25-

241 278 513 388 ‘diceretq
537 309 712 392 hujus
736 309 1091 371 mentionem
1132 312 1370 372 Homeri
1405 322 1570 370 :etate
1609 269 1918 380 absurdam,
1955 327 2053 374 aut
2096 266 2244 376 am-

256 389 493 468 biguam
523 390 689 451 esse?
734 393 811 450 At
830 390 969 450 nihil
1006 390 1388 470 impediebat,
1434 390 1736 470 quominus
1774 391 1926 452 aliud
1960 393 2137 471 quid,
2167 401 2242 458 ab

254 466 519 529 Homero
573 490 684 528 non
722 488 1044 545 expressum
1099 467 1371 548 quidem,
1429 466 1727 549 sed-cujus
1769 471 2065 534 notionem
2107 494 2243 537 eum
2337 489 2344 494 ·

251 545 552 621 habuisse,
578 593 579 596 η
605 546 926 608 incredibile
980 551 1105 606 non'
1160 548 1275 622 sit,
1332 546 1578 608 Ovidius
1628 565 1987 610 memoraret.
2038 552 2258 628 Quum

253 623 430 703 igitur
464 627 558 685 hic
585 640 644 685 et
665 629 894 688 omnino
927 626 1194 688 doctrinae
1233 625 1595 688 ostendendae
1635 626 1835 702 avidus
1873 631 1946 688 sit.
1967 676 1982 703 ,
2020 646 2076 689 et
2104 652 2246 709 prae.

249 704 448 763 sertim
477 705 535 765 in
554 705 681 765 coeli
713 704 1074 784 siderumque
1094 749 1115 780 ‚
1132 705 1310 785 qualis
1336 719 1464 765 tum
1483 720 1601 768 erat
1620 747 1639 779 ,
1668 725 1841 785 quam
1884 729 1954 767 ue
1984 727 2246 773 accurate

205 811 221 845 ·.
249 784 519 858 tenebat,
561 786 806 858 ratione,
852 785 1217 856 mirum-non
1254 782 1434 855 foret,
1471 785 1549 861 si,
1590 784 1770 844 sidera
1812 726 1878 844 1?

244 873 470 922 morata
521 860 741 940 duobus
792 862 1081 923 includens
1102 904 1120 937 ,
1175 864 1486 923 secundum
1538 881 1768 923 versum
1826 866 1904 923 rei
1959 868 2243 931 mentione

245 940 530 1018 implerit,
565 943 622 1001 in
643 963 754 1020 qua
786 941 890 1001 sibi
926 942 1066 1001 mire
1100 939 1324 1022 placent
1360 954 1576 1022 poetae,
1608 940 1808 1017 mundi
1846 957 1985 1019 puta
2020 959 2079 1004 et
2104 948 2243 1009 hinc

247 1019 591 1096 pendentem
608 1036 888 1082 astrorum
920 1020 978 1079 in
1007 1021 1256 1080 Borealia
1283 1034 1341 1081 et
1375 1020 1655 1081 Australia
1673 1018 2027 1098 divisionem.
2066 1022 2196 1086 Jam
2217 1069 2236 1101 ,

246 1097 503 1176 Pleiadas
528 1098 884 1179 ‚Hyadasque
915 1112 974 1158 et
1001 1098 1203 1166 Ursam
1239 1119 1351 1176 esse
1394 1099 1641 1159 Borealia
1680 1101 1857 1174 nosri3
1894 1101 2243 1166 Australium

247 1192 448 1236 autem
494 1180 972 1238 enumerationem
1007 1178 1080 1238 ab
1118 1178 1334 1239 Orione
1371 1178 1568 1254 incipit
1613 1176 1877 1253 Manilius
1908 1221 1928 1256 ,
1963 1194 2059 1256 et,
2095 1202 2239 1262 quos

251 1255 348 1314 ille
372 1270 621 1332 secutus;
651 1259 768 1318 Nec
797 1258 984 1324 miuus
1004 1257 1387 1337 antiquiorum
1411 1255 1674 1338 exemplo
1710 1256 1954 1319 eundem
1989 1257 2239 1322 fiderum

254 1330 456 1394 ducem
485 1333 654 1414 fingit
689 1337 746 1395 in
795 1345 964 1396 versu
1007 1356 1023 1395 ε
1226 1367 1227 1370 ¹
1821 1337 1828 1350 ³

377 1473 493 1528 Hoc
536 1474 666 1529 duce
707 1494 801 1546 per
832 1487 1002 1528 totum
1040 1472 1319 1527 decurrunt
1354 1472 1523 1528 sidera
1561 1474 1835 1530 mundum.

244 1597 325 1660 Et
352 1600 623 1661 rationem
648 1620 762 1661 non
785 1599 1092 1661 absurdam
1114 1598 1272 1659 vides
1290 1642 1310 1676 ,
1331 1601 1600 1680 quoniam
1622 1603 1807 1662 Orion
1840 1617 1895 1663 et
1923 1605 2241 1683 pulcherri-

244 1698 406 1739 mum
435 1699 679 1759 eumque
703 1680 849 1740 Ursa
873 1678 1086 1757 majore
1107 1678 1602 1739 celebratissimum
1626 1680 1777 1742 sidus
1797 1696 1878 1742 est
1893 1725 1911 1756 ‚
1934 1697 1991 1743 et
2015 1727 2035 1761 ,
2054 1686 2243 1743 circu-

242 1757 368 1817 lum
405 1759 851 1835 aequinoctialem
894 1778 1081 1817 secans
1102 1800 1120 1832 ,
1158 1759 1216 1818 in
1259 1759 1735 1837 utr‘amquelcoeli
1784 1761 2009 1839 plagam
2037 1766 2239 1842 'porri-
2289 1759 2298 1796 ³

242 1835 580 1973 {itum-Haec
600 1840 774 1975 igigur
795 1836 1149 1898 considerans
1167 1880 1187 1914 ,
1231 1850 1566 1918 comparato
1585 1838 1831 1920 inprimis
1860 1841 2051 1904 Ovidii
2081 1842 2240 1920 loco,

178 1933 182 1939 ·
301 1928 417 1975 ast.
453 1937 558 1991 ιιι,
609 1935 674 1975 ιο
750 1936 766 1975 :

433 2063 511 2114 uis
545 2074 669 2118 tunc
704 2071 793 2111 aut
822 2057 1064 2128 Hyadas,
1097 2069 1188 2127 aut
1226 2054 1463 2108 Pleiadas
1486 2053 1747 2108 Atlanteas

418 2141 648 2195 cnseret,
688 2140 776 2180 ant
806 2128 1038 2199 geminos
1075 2143 1184 2177 esse
1217 2120 1313 2173 sub
1351 2137 1446 2170 axe
1479 2120 1675 2185 polos?

234 2251 371 2332 Hoc
417 2262 778 2327 comparato,
835 2244 1148 2318 suspicatus
1193 2255 1319 2296 sum
1341 2278 1378 2329 ‚⁶
1410 2238 1469 2297 in
1505 2238 1631 2296 loco
1676 2240 1837 2301 nobis
1874 2249 2236 2311 emendando

239 2326 551 2398 Ovidium,
585 2340 767 2400 quum
796 2318 1020 2378 alterius
1055 2319 1197 2389 tria,
1220 2315 1447 2375 alterlus
1481 2334 1660 2375 unum
1692 2317 1846 2378 sidus
1866 2364 1884 2394 ,
1915 2324 2233 2403 Orionem,

238 2414 618 2470 memoraret,
661 2396 872 2479 pariter
911 2394 1268 2475 geminorum
1313 2395 1581 2482 polorum
1624 2398 1741 2460 sive
1772 2401 1898 2459 coeli
1936 2403 2234 2483 plagarum

238 2477 583 2538 mentionem
600 2475 920 2535 inseruisse:
941 2472 1038 2552 qui
1053 2472 1100 2531 si
1116 2491 1246 2532 vere
1263 2472 1377 2534 hoc
1390 2473 1686 2552 voluisset,
1702 2495 1955 2540 cerneres
1968 2480 2105 2560 jam,
2125 2488 2226 2546 vix

236 2555 481 2615 dubium
498 2573 615 2614 esse
635 2599 650 2627 ,
677 2552 815 2632 quin
837 2570 972 2613 vera
989 2550 1240 2611 lectio-sit
1261 2552 1471 2628 orbes,
1499 2553 1658 2633 quod
1677 2577 1707 2616 a
1726 2555 1953 2618 librario
1976 2561 2230 2642 quodam

233 2653 341 2712 pro
361 2632 536 2693 urbes
556 2635 826 2711 scriptum
852 2640 995 2705 esse,
1033 2629 1268 2691 adnotat
1304 2631 1578 2709 Sprengel
1595 2633 1624 2709 ,‘
1638 2653 1823 2714 neque
1856 2651 2045 2700 tamen
2064 2662 2226 2703 con—

230 2731 434 2791 gruere
489 2713 585 2773 rei.
627 2712 724 2771 Tu
767 2724 960 2771 autem
997 2708 1132 2770 vide
1148 2752 1167 2786 ,
1200 2729 1285 2787 an·
1318 2708 1570 2787 legamus
1624 2713 2001 2795 diversosque
2047 2724 2224 2782 orbes

228 2794 591 2871 nitidumque
659 2791 909 2850 Orionis
945 2809 1145 2850 ensem
1176 2831 1196 2865 ,
1234 2805 1381 2847 anne
1417 2808 1521 2847 nos
1539 2845 1552 2868 s
1575 2807 1712 2849 cum
1752 2793 2058 2873 Sprengele
2110 2821 2224 2863 una

230 2870 376 2930 nihil
413 2871 682 2930 dicamus.
2085 2875 2093 2906 1

306 2949 498 3025 xm,
540 2946 649 3027 407
674 2989 692 3023 ,
749 2946 1038 3027 (Spreng·
1094 2965 1156 3025 p.
1213 2945 1357 3023 88.)
1406 2944 1659 3022 criticus,
1714 2967 1819 3029 pro
1869 2968 2217 3034 angustum,

221 3029 413 3108 inquit
435 3072 452 3101 ,
490 3028 769 3088 scribatur
798 3040 1101 3105 angust03
1145 3026 1350 3086 scilicet
1394 3038 1459 3085 ut
1498 3025 1567 3084 sit
1610 3047 1628 3085 ε

359 3135 570 3235 Longus
596 3164 654 3215 in
687 3174 906 3235 angusto
927 3198 945 3229 ,
981 3179 1080 3234 qua
1120 3160 1376 3216 clauditur
1408 3160 1772 3234 Hellespontus
1788 3204 1806 3234 ,

218 3289 268 3348 ἱ.
313 3271 513 3344 esubi
561 3284 762 3345 desinit
813 3277 1395 3368 Hellespontussqui
1445 3290 1501 3348 in
1549 3307 1784 3370 angusto
1820 3296 2057 3375 longua,
2094 3303 2214 3366 sive

216 3378 496 3445 angustus
529 3362 683 3422 idem
726 3378 781 3424 et
821 3365 1022 3444 longus
1060 3377 1158 3425 est.
1201 3367 1349 3443 Quae
1388 3388 1492 3428 nec
1532 3369 1866 3449 impugnare
1903 3378 2072 3454 libet,
2106 3404 2211 3442 nec

212 3465 329 3505 cur
369 3440 609 3524 probem
645 3444 782 3500 ratio
811 3443 1095 3522 suppetit,
1131 3444 1310 3521 iniis,
1344 3466 1472 3526 quae
1511 3445 1583 3506 de
1611 3447 1799 3528 Trojae
1841 3455 1949 3516 situ
1992 3461 2226 3520 veteres'

215 3521 541 3593 tradidere,
584 3521 904 3599 quaerenda.
1909 3577 1912 3582 ,

297 3603 481 3671 xm,
519 3597 627 3676 441
667 3598 949 3681 (Spreng.
990 3623 1046 3681 p.
1074 3600 1179 3683 89
1207 3602 1233 3680 )
1259 3601 1398 3661 nihil
1433 3603 1727 3667 absurdius
1763 3612 1956 3672 critico
1979 3612 2207 3673 videtur

215 3701 397 3760 quam
443 3678 716 3753 solebat5
763 3693 985 3754 poetam
1022 3680 1293 3759 scripsisse
1325 3684 1614 3761 ‚vovebat3
1659 3707 1772 3750 esse
1806 3692 1955 3751 enim
1984 3690 2204 3752 Home-

211 3760 398 3820 ticum
440 3759 706 3837 εὔχεσθαι
728 3804 744 3831 ,
782 3757 1023 3834 gloriari.
1062 3759 1251 3819 Habes
1283 3760 1467 3840 igitur
1501 3784 1729 3827 versum

351 3899 454 3958 Hic
496 3899 703 3988 subito,
735 3909 987 3969 quantus,
1029 3917 1144 3955 eum
1172 3902 1405 3974 viveret,
1430 3925 1538 3963 esse
1574 3910 1823 3978 vovebat,
1867 3924 1975 3968 etet
2031 3931 2038 3940 ’

1868 4003 1909 4082 4

1874 806 2067 846 omero
2105 810 2244 850 me—
2298 797 2304 803 '
