2742 4509
1355 137 1593 254 (56)

565 277 894 355 xv‚653‚
921 267 1206 358 (Spreng.
1248 296 1308 356 p.
1362 274 1528 355 na.)
1568 273 1791 337 criticus
1830 272 1969 356 legit
2006 278 2068 338 in
2094 295 2218 340 oere
2238 276 2388 360 (scil.
2411 276 2477 340 in

489 360 875 437 numis)'pro
917 360 978 417 in
1009 362 1178 450 cede,
1226 370 1291 417 ut
1330 354 1541 415 habeas

620 487 753 539 Cum
790 485 917 538 deus
952 488 1006 538 in
1034 486 1227 539 somnis
1265 483 1428 553 opifer
1466 481 1741 534 consistere
1774 482 1915 534 visus

618 557 755 674 2:¹⁵oe
794 565 940 672 ῐῗιιιιι
958 589 976 621 ,
1017 555 1281 620 Romane,
1311 564 1523 617 torum,
1555 548 1650 602 sed
1691 547 1853 620 qualis
1891 550 1949 600 in
1980 568 2087 602 ωτι

719 639 747 672 e
772 638 828 673 so
851 633 923 674 et.

489 738 697 799 sensas
737 737 895 798 haud
934 737 1107 798 dubie
1150 750 1233 797 est
1275 759 1291 797 ε
1330 737 1469 799 deus
1514 738 1666 798 visus
1710 751 1793 797 est
1835 737 2135 811 Romano,
2175 754 2289 795 non
2337 754 2482 797 ser-
2545 791 2548 798 .

491 818 675 895 pehtis
708 816 891 876 forma
912 860 930 891 ,
965 818 1144 896 qualis
1177 830 1401 894 postero
1433 815 1522 877 die
1560 815 1860 895 adparuit,
1882 816 1981 875 sed
2017 814 2195 896 qualis
2233 815 2291 874 in
2324 813 2490 889 aede,

492 896 527 953 i.
583 916 635 954 e.
685 897 867 975 qualis
921 897 1094 973 vulgo
1149 895 1667 968 cernitur-„forma
1692 935 1710 965 ,
1763 914 1941 973 quam
1984 894 2244 955 describit
2283 909 2484 973 poetas

493 974 781 1050 Serpentis
822 975 1028 1051 species
1064 975 1299 1034 nimium
1344 976 1628 1034 terruisset
1670 973 2035 1047 Romanum,
2085 993 2254 1053 quam
2296 972 2488 1049 deus,

493 1054 679 1132 siquid
742 1052 969 1131 judico,
1033 1055 1325 1132 hucusque
1395 1073 1465 1112 ne
1520 1052 1799 1112 habuerat
1852 1052 2120 1130 quidem,
2172 1066 2320 1112 certe
2366 1069 2494 1113 nou
2553 1100 2560 1108 ,

397 1133 405 1148 ’
494 1133 762 1209 serpentis
805 1135 1084 1209 imagine,
1140 1131 1236 1191 sed
1268 1151 1402 1191 cum
1449 1145 1706 1208 serpente
1763 1123 2040 1192 baculum
2089 1131 2368 1192 ambiente
2424 1142 2487 1189 et

456 1271 463 1284 ,
494 1210 674 1290 vulgo
706 1224 764 1269 et
793 1210 994 1270 Romae
1024 1211 1192 1270 etiam
1228 1212 1284 1269 in
1322 1209 1442 1270 aede
1495 1230 1594 1271 sua
1638 1210 2159 1290 repraesentabatur.
2202 1210 2388 1288 Igitur
2424 1212 2494 1267 ἰη

498 1308 622 1349 cere
664 1308 832 1348 suum
873 1290 975 1347 sibi
1002 1290 1223 1350 habeat
1258 1289 1554 1369 Sprengel.
2384 1307 2388 1311 ·

576 1367 729 1445 XV,
784 1369 933 1448 739,
989 1370 1260 1450 (Spreng.
1308 1390 1365 1451 p.
1434 1368 1604 1451 115.)
1661 1369 1817 1431 locus
1868 1380 1952 1428 est
2012 1367 2226 1429 critices
2269 1367 2490 1429 ratione

498 1447 874 1508 memorabilis
915 1468 932 1507 τ

638 1572 910 1626 Scinditur
951 1574 1006 1624 in
1033 1575 1260 1643 geminas
1292 1588 1467 1644 partes
1492 1575 1816 1627 circumfluus
1857 1574 2054 1637 amnis,

442 1679 449 1692 ἕ
516 1645 529 1650 ’
633 1638 850 1753 ‘’Insula
878 1655 1068 1690 nomen
1106 1639 1328 1715 habet,)
1365 1637 1681 1709 laterumque
1718 1659 1745 1689 a
1784 1651 1930 1708 parte
1963 1637 2181 1688 duorum

680 1717 862 1776 ori-igit
891 1703 1106 1768 aequales
1151 1703 1317 1753 media
1359 1704 1541 1755 tellure
1574 1705 1809 1756 lacertos.

503 1837 617 1898 Hic
675 1835 984 1912 Gierigium
1040 1815 1228 1911 carpit,
1260 1832 1439 1911 Spren
1483 1834 1574 1910 el,
1622 1835 1777 1915 quod
1833 1838 2113 1918 egregiam
2154 1853 2323 1900 vocet
2375 1838 2494 1903 de-

507 1916 904 1988 scriptionem,
926 1930 1098 1987 quam
1127 1930 1292 1969 nemo
1329 1911 1444 1970 inte
1472 1913 1622 1993 ligat.
1662 1915 1790 1994 Ego
1833 1916 1905 1976 de
1928 1938 2089 1977 sensu
2126 1939 2240 1978 non
2266 1917 2459 1979 laboro
2471 1941 2500 1995 3«

507 2008 588 2053 est
631 1994 779 2049 enim
818 1988 1179 2061 manifestus3
1219 2003 1483 2049 mter-um
1525 2013 1637 2052 non
1679 1995 1853 2062 modo
1882 2014 1999 2054 non
2039 1997 2352 2073 egregiam,
2394 1996 2497 2058 sed

508 2083 676 2150 poeta
732 2086 956 2145 prorsus
1011 2067 1296 2144 indignam
1357 2065 1570 2148 judico.
1628 2071 1775 2146 Quis
1818 2087 2009 2132 autem
2063 2075 2274 2148 nescit,
2320 2093 2498 2152 quam

508 2148 694 2209 faciles
744 2147 815 2206 ad
879 2145 1228 2206 laudandum
1271 2147 1381 2207 sint
1424 2165 1682 2211 veterum
1728 2152 2097 2228 interpretes,
2152 2153 2502 2233 praesertim,-

424 2265 429 2272 -
509 2229 608 2287 ubi
641 2225 718 2285 nil
764 2219 1161 2305 corrigendum
1204 2226 1436 2306 vident,
1482 2249 1669 2309 neque
1711 2243 1894 2291 tamen
1928 2230 2048 2291 sine
2084 2244 2219 2291 nota
2261 2244 2502 2309 praeter-

508 2309 737 2367 mittere
779 2307 969 2365 locum
1009 2306 1264 2366 volunt?
1301 2307 1651 2383 Enimvero,
1681 2309 1820 2390 quid
1860 2309 2092 2369 tandem
2121 2323 2220 2369 aut
2260 2308 2502 2385 pulchre

509 2399 614 2446 aut
640 2395 772 2463 apte
797 2384 1016 2444 dictum
1053 2384 1110 2443 in
1152 2405 1168 2443 τ
1215 2388 1508 2446 scinditur
1542 2397 1605 2446 tn
1629 2402 1835 2466 partes
1874 2392 2103 2465 amnis,
2124 2387 2503 2466 'laterumque

513 2486 556 2527 a
586 2478 762 2543 parte
807 2463 1060 2522 duorum
1095 2468 1362 2540 porrigit
1398 2465 1665 2541 aequales
1700 2467 1956 2525 lacertos
1974 2466 2009 2525 ,Ρ
2046 2466 2460 2546 Ineptissimum
2480 2504 2502 2539 ,

509 2546 750 2625 opinor,
780 2539 1062 2598 fateberis.
1089 2545 1168 2600 At
1198 2541 1337 2620 quid
1367 2541 1691 2620 Sprengel?
1723 2544 1809 2602 Re
1835 2541 1949 2621 jam
1995 2542 2284 2623 desperata
2302 2584 2320 2615 ,
2356 2541 2506 2601 vidit

511 2624 571 2681 in
616 2618 808 2679 Adleri
846 2619 1053 2677 Romoe
1085 2621 1489 2700 descriptione
1515 2620 1751 2682 insulam
1790 2624 1846 2681 in
1880 2622 2014 2682 actis
2051 2635 2376 2700 martyrum
2409 2619 2507 2679 ad·

514 2697 715 2782 pellari
761 2697 809 2755 L
853 2698 1145 2773 caoniam3
1189 2702 1265 2759 sic
1305 2697 1560 2759 decrevit
1605 2721 1622 2760 z
1670 2704 1899 2773 amnis,
1951 2720 2213 2779 porgens
2242 2698 2507 2775 oequales

514 2779 710 2839 media
751 2790 809 2835 te
832 2774 959 2835 lure
978 2776 1277 2851 flacci-105,-
1314 2776 1511 2838 insula
1533 2797 1743 2839 nomen
1779 2778 1956 2838 habet
1972 2782 2297 2838 Arctorum
2324 2795 2368 2838 a
2387 2794 2508 2856 pa-

518 2874 608 2919 tre
639 2859 900 2916 duorum
922 2852 1086 2929 (scil.
1121 2878 1151 2915 a
1183 2856 1484 2933 Lycaone,
1510 2871 1669 2933 patre
1705 2858 1961 2918 Callistus
1993 2858 2111 2915 sive
2138 2856 2297 2916 Ursae
2320 2853 2510 2934 majo-

515 2939 614 3008 ris,
633 2949 688 2995 et
709 2955 822 2995 avo
840 2935 1070 2993 Arcadis
1084 2936 1207 2993 sive
1221 2976 1238 3006 ,
1252 2935 1599 3012 utSprengel
1622 2936 1815 2996 Bodeo
1837 2933 2040 3010 credit,
2058 2936 2215 2995 Ursae
2235 2933 2511 3010 minoris.)

518 3014 697 3076 Vides
721 3011 997 3072 audacem
1021 3012 1468 3074 emendationem
1485 3057 1501 3087 ,
1523 3012 1621 3073 sed
1643 3014 1845 3074 sudore
1874 3034 1985 3073 non
2006 3011 2467 3074 contemnendam
2488 3030 2510 3072 ε

519 3112 640 3171 quo
696 3105 880 3149 tamen
917 3089 1013 3148 hic
1049 3111 1279 3171 quoque
1311 3093 1390 3151 nil
1446 3092 1774 3169 expeditum
1812 3095 1890 3152 sic
1929 3092 2213 3172 intelliges.
2257 3091 2510 3152 Primum

519 3170 728 3230 nullius
763 3180 1026 3226 veterum
1066 3172 1384 3229 testimonio
1428 3183 1676 3245 constat,
1724 3172 1961 3231 insulam
2007 3171 2336 3232 Tiberinum
2379 3185 2510 3230 ante

523 3248 618 3306 vel
660 3247 782 3321 ipso
821 3245 1018 3304 Ovidii
1072 3257 1194 3307 aevo
1230 3245 1348 3327 jam
1400 3247 1749 3328 Lycaoniam
1788 3270 1901 3310 esse
1942 3248 2168 3309 dictam.
2218 3249 2314 3310 Sic
2352 3249 2514 3310 liceat-

523 3324 829 3388 adfirmare
844 3365 862 3401 ,
883 3323 1065 3385 donec
1085 3329 1431 3386 contrarium
1458 3328 1582 3408 quis
1606 3331 1824 3389 doceat.
1846 3328 2006 3389 Jovis
2025 3344 2218 3392 autem
2243 3325 2515 3407 Lycaonii

527 3423 644 3480 tem
710 3422 843 3476 um,
879 3424 913 3462 a
950 3422 1067 3483 quo
1106 3405 1317 3466 dictam
1360 3407 1659 3486 antiquarii
1699 3423 1979 3483 narrant„
2007 3407 2209 3467 Ovidii
2252 3418 2416 3466 aetate
2457 3410 2514 3467 in

526 3485 649 3544 insu
675 3504 707 3542 a
743 3481 938 3551 fuisse,
978 3496 1043 3541 ut
1093 3499 1299 3564 negare
1332 3505 1456 3545 non.
1489 3488 1706 3560 ausim,
1750 3488 1829 3545 ita
1867 3508 1985 3546 non
2030 3486 2256 3547 credam
2281 3527 2297 3559 ,
2338 3485 2513 3545 donec

526 3573 859 3641 argumenta
922 3561 1180 3622 dubitare
1241 3578 1466 3639 vetent,
1532 3583 1660 3644 quae
1712 3563 1916 3625 frustra
1971 3564 2200 3625 interim
2262 3562 2510 3643 quaesivi·-

529 3642 764 3717 Certum
802 3654 988 3700 tamen
1009 3656 1202 3703 manet
1223 3682 1243 3714 ,
1281 3642 1631 3722 Lycaoniam
1660 3663 1777 3708 esse
1794 3685 1813 3718 ,
1841 3665 1872 3703 a
1900 3664 2242 3724 quocunque
2281 3643 2513 3702 demum

527 3732 787 3798 tempore
823 3734 922 3779 aut
958 3739 1163 3794 causa,
1213 3720 1567 3795 adpellatam.
1613 3721 1810 3783 Restat
1872 3725 2073 3801 igitur,
2129 3734 2195 3779 ut
2244 3719 2516 3800 Sprengel

530 3795 708 3855 fidem
747 3798 990 3857 historiae
1022 3799 1396 3860 emendationi
1429 3801 1716 3875 conciliet,
1755 3821 1928 3881 quam
1963 3801 2209 3879 alioquin
2232 3840 2251 3875 ,
2285 3812 2515 3879 propter

532 3873 768 3937 nimiam
811 3889 1001 3940 textus
1030 3880 1407 3942 mutationem
1450 3879 1602 3943 nulla
1642 3878 1905 3942 codicum
1940 3878 2277 3942 auctoritate
2315 3878 2513 3942 niten-
