2742 4509
626 315 642 331 .
828 305 845 315 -
1041 307 1057 318 -
1276 246 1339 336 2(
1384 268 1424 313 ²
1469 244 1505 331 )

344 355 361 371 ’
396 355 654 422 'iricertus
682 349 1191 436 harbbsmqqafid
1212 356 1533 436 -impensins
1578 356 1810 418 mirarer
1845 399 1864 434 ‚
1908 358 2217 421 vanitatem
2249 402 2269 435 ,
2314 378 2388 421 an

320 450 325 456 “
408 439 761 513 doctrinam,
799 458 871 496 au
905 437 1246 515 ineptiarum
1290 436 1590 498 cumulum
1612 436 1643 497 ἲ
1679 437 1871 497 Paucis
1907 460 1922 499 τ
1965 460 2099 499 eum
2136 440 2393 500 libellum

411 517 661 598 judicavi
681 557 700 590 ,
747 531 920 594 quem
963 518 1033 574 sic
1059 517 1184 595 quis
1228 515 1469 591 ingenue
1501 559 1520 588 ‚
1571 517 1750 595 qualis
1788 533 1927 578 esset
1954 557 1973 592 ‚
2027 517 2350 577 ostenderet
2370 558 2390 590 ‚

412 598 697 656 utiliorem
740 612 972 675 operam
1034 605 1267 653 navaret
1295 636 1312 665 ‚
1361 612 1537 671 quam
1597 615 1707 655 una
1757 595 2003 656 alterave
2059 597 2392 674 scriptorem

411 674 619 735 menda
661 673 935 746 liberans,
979 670 1140 750 cujus
1180 673 1262 731 rei
1303 674 1479 748 gratia
1500 715 1518 748 ‚
1558 675 1739 747 nosti,
1782 694 1893 734 non
1930 694 2142 752 paucos
2183 674 2397 735 libellos

411 774 528 814 esse
563 753 924 830 conscriptos.
971 751 1171 828 Itaque
1192 790 1211 822 ,
1266 750 1586 828 Sprengelis
1621 752 2036 813 emendationes
2083 752 2393 813 excutienti

409 846 470 892 et
499 831 764 892 refutanti
802 831 846 888 si
885 827 1030 887 sorte
1065 828 1207 907 quid
1243 828 1496 905 proferre
1533 830 1732 891 melius
1770 845 1829 889 et
1860 846 1960 892 tuo
1993 831 2203 910 judicio
2235 847 2391 910 pro·
2466 835 2478 846 ’

409 911 705 982 bandum,
753 910 802 967 si
843 908 1033 966 locum
1079 927 1260 966 uuum
1295 908 1556 985 pluresve
1590 929 1783 986 sanare
1817 914 2142 989 contingat,
2188 908 2245 969 id
2280 929 2392 968 ac-

415 991 725 1050 cessionem
741 986 932 1058 dncas‚
952 983 1144 1058 velim,
1172 986 1440 1063 primario
1455 1028 1473 1060 ‚
1495 985 1650 1065 quod
1675 987 1849 1047 modo
1871 988 2023 1061 dixi,
2042 991 2393 1064 importunos

409 1065 678 1129 monendi
728 1078 785 1120 et
839 1063 1185 1122 absterrendi
1222 1065 1449 1123 consilio
1487 1085 1503 1123 ε
1550 1083 1665 1142 qua
1705 1067 1763 1124 in
1806 1086 1865 1124 re
1891 1109 1909 1139 ‚
1975 1068 2019 1126 si
2081 1084 2335 1144 unquam
2369 1106 2394 1141 ‚

409 1158 600 1208 nostra
634 1156 797 1200 aetate
834 1141 996 1200 enixe
1028 1140 1475 1217 obluctandum3
1510 1161 1636 1201 eam
1672 1142 1821 1203 enim
1859 1145 2012 1205 vides
2047 1146 2238 1223 vigere
2273 1145 2393 1206 cri-,-

364 1251 367 1254 ·
412 1227 545 1288 tices
565 1221 858 1293 rationem,
878 1231 979 1293 nt,
997 1218 1107 1290 nisi,
1122 1219 1448 1298 ignorantiae
1466 1236 1522 1280 et
1538 1221 1800 1290 vanitatis
1816 1223 1994 1284 libido
2013 1223 2205 1283 severe
2228 1237 2396 1283 coer-

410 1316 641 1374 ceatur,
676 1296 989 1358 verendum
1022 1299 1124 1371 sit,
1155 1319 1226 1359 ne
1258 1319 1379 1378 quo
1415 1314 1529 1359 tem
1573 1318 1703 1373 ore,
1734 1313 1799 1360 ut
1841 1303 1898 1360 in
1929 1303 2047 1361 aliis
2081 1303 2394 1362 litterarum

330 1377 336 1386 ”
404 1380 708 1464 partibus,
753 1376 825 1435 de
867 1375 1214 1455 antiquitatis
1248 1377 1474 1456 ingenio
1563 1397 1708 1456 eque
1745 1398 1978 1440 munere
2014 1395 2072 1440 et
2124 1380 2396 1460 dignitate

413 1461 609 1523 critica
649 1455 934 1516 excelsum
971 1453 1252 1534 quidquid
1292 1459 1463 1518 etiam
1491 1459 1653 1533 pueri
1677 1460 1933 1536 garriunt
1963 1458 2354 1538 definiuntque
2374 1501 2410 1535 ,-

410 1564 477 1603 eo
497 1545 616 1616 ipso
636 1548 899 1595 veterum
926 1534 1126 1610 scripta
1161 1534 1235 1595 ad
1262 1534 1598 1598 d'eteriorem
1625 1537 2003 1599 conditionem
2032 1551 2390 1597 revocentur.

413 1620 687 1699 Quippe,
728 1632 844 1693 quo
877 1609 1062 1689 major
1101 1615 1320 1690 egregie
1363 1615 1662 1673 doctorum
1701 1620 1931 1691 penuria
1954 1656 1972 1688 ‚
2014 1634 2081 1671 eo
2128 1612 2393 1672 libentius

408 1695 589 1774 'vulgo
623 1691 883 1754 audietur
910 1688 1268 1748 delirantium
1296 1692 1584 1767 sapientia.
1610 1691 1728 1749 Nec
1764 1693 1913 1749 enim
1940 1690 2041 1749 nisi
2072 1689 2393 1768 linguarum

412 1790 679 1837 veterum
719 1784 776 1829 et
810 1767 1132 1826 litterarum
1173 1768 1490 1847 peritissimi
1529 1784 1611 1828 est
1645 1768 1983 1846 intelligere,
2019 1767 2191 1828 hodie
2228 1787 2394 1846 prae-

409 1856 609 1920 ,valens
644 1848 838 1910 critice
867 1859 1148 1925 quantum
1175 1846 1340 1906 distet
1374 1866 1407 1906 a
1435 1864 1789 1922 summorum
1829 1850 2083 1907 virorum
2109 1849 2396 1922 doctrina,
2471 1859 2482 1870 ⁸
2518 1910 2526 1918 ,

412 1932 643 2014 ingenio
690 1941 750 1987 et
800 1924 1327 2000 lucubrationibus,
1384 1926 1542 2004 queis
1587 1947 1623 1985 a
1669 1924 1868 1986 mediae
1909 1927 2086 1986 aetatis
2139 1927 2396 1988 barbarie

408 2013 672 2074 ‘redemta
707 2017 838 2067 sunt
873 2001 1218 2081 antiquitatis
1251 2016 1637 2064 monumenta.
1681 2004 1876 2078 Quare
1900 2047 1917 2075 .‚
1950 2005 2051 2063 nisi
2085 2019 2144 2063 et
2174 2002 2399 2063 adoles-

416 2104 648 2153 centum
696 2100 754 2145 et
800 2081 1082 2143 seniorum
1117 2081 1354 2140 insolens
1396 2081 1628 2146 futilitas
1665 2082 1770 2140 rite
1811 2080 2233 2156 confundatur,
2281 2101 2398 2142 uon

413 2168 629 2236 mireris
647 2206 665 2238 ‚
694 2164 738 2224 si
760 2160 877 2241 jam
899 2158 1121 2220 taedeat
1145 2161 1339 2238 doctos
1358 2159 1618 2222 homines
1647 2173 1904 2221 veterum
1943 2146 2164 2241 scriptis
2195 2179 2393 2222 emen·
2431 2200 2437 2217 ‚

417 2247 615 2312 dandis
641 2258 865 2321 tempus
901 2238 1348 2317 industriamque
1388 2240 1725 2317 impendere.
1759 2240 1872 2302 Sed
1904 2240 2054 2306 enim
2075 2282 2097 2314 ‚
2135 2260 2205 2299 ne
2241 2243 2397 2314 justo

416 2328 638 2408 longior
663 2321 733 2379 sit
756 2326 901 2397 justa
925 2315 1152 2393 querela
1175 2358 1194 2392 ,
1221 2319 1292 2376 ad
1323 2318 1784 2395 Sprengelianam
1805 2338 2041 2393 operam
2074 2319 2401 2388 veniamus3

417 2407 492 2465 de
523 2424 678 2483 qua,
710 2416 816 2455 nec
851 2392 1003 2463 scio·‚
1042 2396 1183 2467 quid
1213 2396 1303 2452 alii
1338 2396 1621 2465 dixerint,
1656 2407 1711 2452 et
1751 2392 1846 2451 diu
1882 2396 2249 2473 quaerendum
2287 2415 2403 2453 non

418 2474 756 2542 existimavi.
802 2471 1001 2545 Neque
1033 2466 1183 2525 enim
1215 2468 1484 2552 credibile
1524 2484 1642 2538 est,
1684 2489 2011 2545 quenquam
2063 2475 2135 2529 de
2174 2474 2291 2543 ejus
2328 2473 2404 2525 h·-

416 2560 571 2621 bello
595 2550 800 2613 eodem
828 2562 944 2623 quo
969 2562 1072 2602 nos
1100 2543 1389 2622 proposito
1409 2560 1528 2618 Jam
1561 2542 1870 2620 scripsisse3
1894 2547 1964 2601 ad
2080 2566 2149 2604 ue
2187 2564 2400 2603 veren-

419 2638 561 2708 dum
600 2648 716 2691 non
744 2624 853 2684 erit
873 2662 895 2694 ‚
931 2641 1002 2679 ne
1035 2633 1224 2682 actum
1253 2631 1493 2696 agatur3
1523 2639 1592 2678 ac
1628 2620 1673 2679 si
1708 2620 1848 2698 quid
1881 2621 2025 2682 forte
2092 2618 2400 2686 icamusab

419 2717 528 2776 alio
550 2701 793 2778 dictum,
822 2698 962 2764 nihil
987 2698 1213 2759 nocebit
1232 2696 1430 2775 opellae
1452 2713 1672 2773 nostrae,
1706 2700 1750 2758 si
1780 2718 1891 2776 qua
1917 2697 2085 2760 fuerit
2104 2740 2121 2771 ,
2150 2697 2394 2762 utilitati.

420 2793 627 2873 Neque
660 2803 802 2844 vero
840 2799 1183 2859 magnopere
1214 2797 1353 2838 curo
1376 2819 1396 2851 ,
1430 2780 1474 2837 si
1506 2780 1629 2857 quis
1655 2778 1987 2856 plagiarium
2022 2796 2114 2836 me
2153 2791 2357 2855 arguat
2380 2819 2401 2853 ‚

422 2876 482 2934 in
523 2865 733 2932 menda
769 2858 1019 2942 quadam
1053 2877 1187 2918 cum
1229 2857 1338 2918 alio
1371 2870 1796 2936 congruentem.
1827 2854 2134 2934 Enimvero
2179 2854 2254 2916 ab
2289 2857 2403 2918 hoc

420 2944 786 3014 incommodo
824 2940 881 2999 in
921 2938 1237 3014 litterarum
1264 2973 1305 3011 ‚-
1326 2937 1511 3015 qualis
1548 2934 1718 2995 hodie
1757 2949 1878 3006 est,
1906 2932 2224 2996 conditione
2258 2934 2401 2996 adeo

423 3027 653 3094 difficile
687 3035 769 3086 est
805 3017 938 3079 satis
974 3037 1208 3091 cavere,
1248 3028 1351 3091 ut,
1386 3016 1487 3095 qui
1518 3015 1680 3076 nimis
1714 3027 1964 3084 metuat,
2006 3032 2078 3072 ne
2103 3013 2245 3105 quid
2269 3024 2402 3089 post

382 3167 399 3176 ,
423 3110 600 3170 alium
630 3102 781 3165 dicat
801 3140 821 3174 ‚
857 3097 906 3155 ei
937 3118 971 3154 a
1003 3109 1261 3155 veterum
1287 3095 1503 3175 scriptis
1530 3093 1892 3153 emendandis
1920 3105 2093 3170 atque
2120 3104 2403 3168 interpre-

425 3183 611 3250 tandis
651 3179 723 3241 sit
761 3173 1179 3236 abstinendum.
1219 3173 1400 3250 Quod
1439 3185 1632 3234 autem
1664 3170 1895 3232 difficile
1928 3174 1986 3231 in
2018 3167 2207 3230 media
2235 3170 2401 3230 Ger·-

425 3264 654 3333 mania,
686 3253 970 3315 difficilius
1007 3255 1193 3312 multo
1228 3252 1379 3310 foret
1411 3252 1588 3325 mihi,
1625 3251 1686 3312 in
1725 3252 1915 3329 Belgio
1952 3248 2191 3326 degenti.

502 3335 775 3419 Sprengel
795 3375 813 3407 ‚
849 3334 990 3393 mira
1011 3377 1029 3405 ‚
1060 3344 1126 3389 ut
1158 3329 1402 3390 diximus
1422 3369 1441 3404 ‚
1496 3332 1554 3390 in
1587 3328 1910 3406 praefatione
1966 3328 2269 3407 pollicens,
2327 3344 2399 3388 ne

425 3420 552 3503 qnis
589 3414 769 3476 fidem
800 3411 1032 3490 jactanti
1069 3423 1276 3488 neget,
1309 3427 1523 3469 novam
1557 3409 1773 3470 critices
1808 3410 1959 3468 viam
1980 3448 1997 3479 ‚
2029 3407 2060 3481 .(
2081 3405 2220 3485 qnid
2249 3405 2398 3464 enim

424 3509 650 3564 vetusta
688 3501 911 3571 praestet
946 3501 1139 3551 nostra
1173 3501 1332 3564 aetate
1378 3487 1707 3565 dignum?)
1740 3507 1951 3547 novam
1999 3485 2170 3562 igitur
2200 3502 2256 3541 se
2290 3482 2397 3562 in·-

472 3592 681 3640 ressum
717 3569 1025 3649 gloriatur,
1067 3567 1404 3646 singularem
1437 3587 1607 3640 sane,
1642 3567 1758 3627 imo
1793 3565 2079 3625 interdum
2116 3562 2359 3640 jocosam
2382 3597 2402 3631 ‚

425 3600 634 3722 fatetur
659 3695 676 3724 ‚
722 3664 780 3709 et
822 3665 952 3726 quae
997 3648 1171 3707 risum
1213 3659 1485 3721 moveat,
1538 3659 1600 3706 at
1651 3647 2012 3706 certissimam
2058 3638 2403 3727 eandem-et

427 3736 626 3797 litteris
676 3725 1207 3804 fructuosissimam„
1245 3724 1531 3786 Nimirum
1585 3723 1862 3802 Sprengel
1890 3765 1909 3798 ‚
1960 3722 2102 3781 sicut
2144 3715 2356 3776 detexit
2381 3753 2402 3787 ‚
2459 3721 2468 3732 ·

433 3833 626 3874 omnes
665 3806 870 3878 flores,
909 3824 1022 3865 non
1059 3802 1271 3879 modo,
1307 3804 1512 3882 quibus
1549 3802 1727 3868 dulcis
1754 3820 1952 3872 succus
1974 3843 1990 3870 ‚
2031 3794 2128 3855 sed
2171 3793 2401 3852 omnino

429 3910 664 3963 omnes,
703 3886 911 3969 q'nibus
958 3903 1090 3943 vera
1125 3899 1331 3944 corona
1368 3880 1923 3962 (Blumenkrone)‚
1961 3877 2032 3936 ab
2061 3873 2281 3932 insectis
2310 3870 2403 3931 fe-

427 3968 695 4045 cundari,
734 3967 818 4029 ita
852 3965 1007 4028 idem
1045 3961 1295 4038 detexit‚
1356 3963 1586 4024 omnino
1630 3960 1863 4042 quidem
1915 3954 2287 4036 ignorantiam
2345 3962 2406 4010 et
