2742 4509
359 299 580 375 Habes,
611 298 702 361 vir.
722 293 1066 372 doctissime,
1100 309 1257 356 notas
1291 294 1531 356 hominis
1560 312 1672 353 non
1711 311 1863 378 μονα
1896 290 2088 352 critica
2123 290 2181 350 in
2204 299 2330 383 erto

362 378 588 455 deliria,
624 377 721 442 sed
757 394 946 435 sanam
984 388 1227 435 mentem
1253 374 1585 452 flagitantis,
1611 386 1668 431 et
1703 386 1948 432 ventosae
1974 372 2326 448 ignoranttae,

346 453 461 516 'ubi
492 459 589 521 ubi
628 472 896 517 terrarum
929 472 985 512 se
1020 451 1228 531 jactet,
1257 453 1481 514 inimici.
1503 451 1656 512 Finis
1685 450 1856 513 libelli
1891 448 2182 528 primarius
2206 445 2334 525 quis

358 534 470 608 sit,
508 537 566 596 in
610 532 838 595 exordio
880 531 1093 591 dictum
1128 530 1463 602 meministi,
1493 531 1585 604 sed
1623 549 1839 594 novum
1876 527 2131 587 criticum
2169 523 2328 585 refu-

292 638 313 647 v
359 624 480 684 tare
512 636 621 675 non
648 625 938 692 poteram,
978 612 1116 688 quin
1140 612 1212 675 vin
1247 611 1398 671 locos
1440 608 1758 688 Sprengelis
1794 609 2017 668 decreto
2050 604 2329 692 restitutos

360 692 702 770 quandoque
745 689 906 749 altius
949 689 1285 767 inquirerem
1327 707 1623 768 meamque
1647 689 1991 756 „sententiam
2028 700 2331 764 propone·-

356 788 494 828 rem.
530 770 678 829 Cum
718 787 778 828 re
820 781 1006 828 tamen
1028 809 1048 844 ,
1083 788 1191 827 non
1230 785 1362 828 cum
1413 766 1667 838 homine,
1705 785 1875 846 quem
1913 765 2019 825 alia
2056 760 2333 821 industrie

359 845 527 906 laude
562 847 946 926 dignissimum
976 866 1086 905 non
1123 846 1332 906 invitus
1371 844 1598 904 credam
1620 845 1810 917 ,mihi
1842 842 2133 921 negotium
2174 857 2331 931 esse,

359 922 649 1006 intelliges.
687 924 1018 985 Acerbitatis
1049 938 1241 988 autem
1277 925 1320 983 si
1356 923 1491 983 cu'bi
1534 922 1737 983 indicia
1788 923 2048 1000 reperias,
2103 934 2331 979 veniam

360 1003 518 1063 citius
556 1005 711 1065 dabis
745 1022 879 1062 cum
899 1002 1181 1062 hominem
1211 1001 1521 1076 mordenti,
1553 1003 1611 1062 iu
1641 1021 1759 1082 quo
1779 1043 1798 1077 ,
1820 1014 1945 1080 post
1967 998 2193 1060 'multos
2215 1003 2333 1055 mei

359 1082 482 1140 ritae
520 1084 579 1142 in
616 1082 809 1143 litteris
837 1081 1000 1142 famae
1038 1077 1188 1142 viros
1223 1080 1503 1142 Ovidium
1539 1079 1910 1155 emendante,
1935 1079 2024 1138 vel
2064 1077 2196 1137 hinc
2214 1091 2331 1133 ma-

356 1157 536 1236 jorem
562 1159 895 1220 modestiam
922 1160 1240 1237 exigamus,
1268 1172 1390 1219 tum
1408 1178 1545 1219 vero
1568 1158 1796 1240 perinde
1828 1157 1986 1226 dabis
2005 1152 2331 1246 veneranda-n

357 1235 705 1313 antiquitatis
744 1238 962 1315 ingenia
999 1250 1054 1296 et
1103 1238 1312 1298 amanti
1354 1258 1426 1297 ex
1468 1238 1682 1314 animo,
1729 1252 1789 1298 et
1845 1235 2105 1314 injuriam
2142 1234 2213 1293 ab
2262 1247 2332 1290 us

363 1315 665 1394 repellendi
707 1318 1050 1378 occasionem
1100 1316 1473 1376 lubentissime
1509 1318 1821 1396 occupanti.
1885 1319 1954 1376 Iu
2005 1314 2092 1375 his
2140 1325 2334 1374 autem
2391 1385 2395 1390 ι

359 1391 588 1471 ingeniis
638 1392 918 1455 Ovidium
942 1436 961 1468 ,
1015 1397 1276 1475 quamvis
1331 1413 1444 1452 non
1489 1414 1607 1454 uno
1665 1396 1889 1472 nomine
1937 1392 2329 1470 carpendum,

357 1482 542 1531 tamen
569 1472 727 1534 haud
768 1473 964 1549 procul
1001 1474 1301 1534 asummis
1335 1473 1608 1538 ueterum¹
1631 1487 1930 1552 poetarum
1959 1492 2087 1532 esse·
2113 1488 2327 1550 ponen-

359 1548 498 1608 dum
529 1594 546 1624 ,
591 1552 778 1611 nullus
815 1550 1015 1610 dubito
1051 1550 1434 1626 contendere3
1474 1550 1687 1633 quippe
1723 1570 1926 1631 parum
1957 1569 2049 1610 me
2094 1561 2331 1609 movent
2409 1603 2418 1610 ,
2487 1613 2490 1622 ,

363 1626 693 1688 oesehetices
721 1641 922 1688 nostrae
959 1630 1057 1688 vix
1098 1628 1278 1689 ullum
1309 1631 1785 1710 iniquius,'quam
1802 1630 2331 1709 Metamorphoseon

355 1719 419 1764 et
444 1706 752 1776 Fastorum
793 1722 1117 1779 auctorem,
1153 1710 1455 1782 prementis
1481 1708 1734 1783 decreta,
1772 1710 1864 1768 cui
1892 1706 2140 1786 quidem
2154 1708 2199 1767 si
2237 1704 2331 1765 de·

353 1783 662 1845 sensionem
716 1786 936 1846 alterius
987 1784 1200 1863 judicio
1224 1790 1549 1865 ‘quaer'erem
1585 1826 1603 1858 ,
1641 1786 1896 1865 profecto
1956 1787 2278 1849 Goetheum
2310 1821 2332 1859 ,

320 1883 324 1887 ·
355 1861 573 1920 Ovidio
598 1904 615 1936 ,
655 1878 716 1921 ut
751 1864 867 1941 ipse
889 1862 1096 1923 fatetur
1114 1908 1129 1935 ,
1157 1881 1498 1942 magnopere
1517 1862 1857 1925 delectatum
1876 1907 1894 1939 ,
1938 1864 2135 1925 decem
2164 1864 2327 1924 facile

356 1939 794 2000 aescheticorum
824 1941 1066 2001 acumini
1094 1956 1510 2021 anteponerem.
1541 1944 1677 2020 Quo
1714 1944 1888 2022 magis
1924 1957 2181 2020 optarem
2210 1963 2327 2003 nou

354 2017 554 2077 frustra
580 2017 851 2082 laborasse
876 2022 932 2079 in
961 2019 1096 2079 locis
1127 2020 1324 2081 Ovidii
1349 2020 1440 2079 vel
1474 2020 1810 2081 illustrandis
1830 2023 1923 2082 vel
1950 2021 2329 2083 emendandis.

353 2095 568 2158 Sed'de
610 2099 718 2157 hoc
752 2098 1055 2158 doctorum
1087 2099 1471 2175 imprimisque
1502 2100 1583 2156 tui
1618 2100 1732 2156 erit
1764 2098 1954 2176 judicii
1995 2101 2330 2162 existimare.

351 2176 505 2233 Nam
538 2177 735 2254 ineptis
770 2177 1091 2235 hominibus
1129 2175 1419 2248 displicere
1457 2189 1521 2233 ut
1561 2175 1764 2246 nihili,
1793 2176 1871 2234 sic
1911 2176 2014 2236 tibi
2046 2184 2089 2238 si
2254 2179 2268 2194 ⁸

357 2253 575 2329 placere
598 2297 616 2329 ,
657 2257 860 2313 merito
894 2254 1080 2328 magni
1121 2252 1334 2310 faciam.
1380 2259 1567 2330 Atque
1610 2253 1730 2311 haec
1767 2273 1853 2313 res
1894 2272 1985 2313 me
2028 2256 2202 2317 libelli
2233 2255 2334 2316 ad·

353 2344 587 2404 monet,
617 2331 709 2390 cui
745 2328 981 2408 legendo
1019 2349 1201 2408 quum
1230 2331 1412 2389 otium
1452 2331 1549 2391 tibi
1583 2329 1707 2389 soie
1742 2350 1854 2391 non
1900 2335 2218 2410 putassem,
2254 2354 2330 2395 eo

350 2408 634 2468 lubentius
669 2408 976 2485 perlectum
997 2407 1205 2468 audivi.
1229 2407 1546 2481 Nimirum,
1588 2429 1714 2490 quae
1744 2425 1825 2469 est
1861 2413 2032 2474 tuain
2061 2433 2160 2488 me
2192 2432 2331 2494 pro-

353 2506 521 2565 pensa
549 2488 837 2557 voluntas,
863 2485 1017 2565 quod
1039 2486 1130 2545 alii
1151 2506 1262 2546 non
1283 2484 1443 2546 facile
1476 2487 1663 2563 dares,
1684 2490 1821 2547 mihi
1847 2508 2054 2569 negare
2075 2492 2330 2573 religioni

349 2564 575 2626 duxisti.
597 2567 686 2625 De
717 2566 1009 2640 Stentore,
1041 2565 1161 2624 rem
1201 2585 1306 2625 acu
1333 2567 1576 2647 tetigisti.
1601 2598 1645 2610 —
1681 2566 1797 2627 Sed
1830 2567 1903 2628 de
1928 2569 2285 2651 Repertorio
2313 2609 2338 2651 ,

352 2645 593 2721 quaeris,
625 2643 763 2723 quid
810 2645 913 2704 sim
963 2642 1262 2704 facturus?
1309 2644 1471 2706 Paene
1506 2645 1664 2705 nihil.
1711 2646 1880 2707 Cur?
1927 2650 2077 2711 Alias
2124 2650 2331 2713 dicam.

347 2719 680 2782 mendacem
723 2736 910 2782 tamen
936 2762 955 2795 ,
988 2740 1243 2801 nequeo,
1283 2724 1422 2800 quin
1461 2725 1749 2784 hominem
1780 2725 1950 2804 ipsius
1978 2728 2165 2790 verbis
2205 2749 2330 2789 ex·-

353 2799 579 2861 hibeam
601 2842 619 2874 ,
649 2802 725 2861 ob
764 2819 1000 2875 eamque
1043 2819 1160 2859 rem
1201 2799 1486 2878 adjectum
1530 2802 1663 2862 huic
1706 2804 1954 2882 epistolae
1987 2805 2326 2867 mendacio·-

350 2895 478 2934 rum
504 2879 748 2938 indicem
768 2879 838 2939 ad
864 2880 1063 2938 clariss.
1088 2878 1356 2937 Beckium
1381 2880 1503 2940 misi
1528 2923 1547 2956 ,
1573 2899 1743 2961 quem
1767 2884 1812 2942 is
1839 2884 1939 2942 nisi
1972 2883 2331 2947 inserendum

353 2954 699 3032 Repertorio
717 2978 818 3016 suo
843 2969 1034 3032 curet,
1064 2956 1211 3035 ipse,
1238 2968 1303 3016 ut
1329 2976 1447 3037 quo
1479 2957 1863 3020 deceatmodo
1882 2962 1941 3023 in
1966 2963 2328 3043 popularium

270 3104 272 3107 y
353 3033 608 3092 notitiam
642 3036 866 3111 veniat,
897 3036 1128 3094 curabo.
1158 3035 1735 3114 Disceptatiunculam
1770 3040 1880 3099 hoc
1912 3041 2032 3121 ipso
2071 3056 2324 3122 tempore

353 3110 661 3170 confectam
693 3112 769 3170 de
793 3112 1373 3180 homoeotekueorum
1398 3135 1676 3177 versuum
1716 3122 1777 3177 in
1812 3126 1988 3198 poesi
2018 3118 2326 3192 neolacina

351 3208 496 3262 usu,
524 3188 761 3267 ‘adjecta
805 3192 1063 3268 ¹versione
1119 3191 1463 3254 Schilleriani
1521 3197 1779 3257 carminis
1820 3199 1931 3259 das
1969 3199 2323 3280 Siegeffese,

351 3280 418 3325 ut
444 3268 692 3348 primum
724 3282 953 3347 potero,
998 3267 1070 3327 ad
1111 3282 1163 3328 te
1199 3270 1438 3329 mittam.
1477 3272 1727 3335 Tametsi
1763 3277 1929 3337 etiam
1967 3279 2207 3356 dubito,
2245 3299 2318 3342 an

346 3344 481 3405 huic
517 3344 859 3426 conjungam
886 3346 1455 3428 hypsicompasticen
1474 3393 1491 3425 ,
1542 3352 1614 3413 ad
1651 3373 1826 3432 quam
1866 3357 2319 3418 conscribendam

343 3440 435 3482 me
469 3424 700 3504 impellit
738 3446 932 3485 aureus
968 3445 1097 3486 vere
1128 3427 1300 3499 liber,
1340 3429 1518 3489 modo.
1549 3434 1805 3491 manibus
1843 3437 1976 3496 meis
2016 3448 2317 3514 menteque

280 3529 287 3536 -
347 3501 526 3562 tritus.
574 3504 846 3578 Interim,
879 3505 966 3564 vir
1009 3506 1327 3566 suavissime
1364 3520 1422 3566 et
1459 3507 1808 3587 doctissime,
1856 3528 1918 3576 ut
1949 3515 2150 3578 melius
2195 3533 2315 3575 ne-

342 3599 512 3661 queas
528 3622 548 3659 ,
579 3582 708 3642 vale
731 3602 971 3663 ,meque
990 3628 1007 3661 ,
1029 3595 1094 3646 ut
1123 3586 1256 3647 facis
1273 3601 1293 3664 ,¹
1313 3603 1499 3647 amare
1531 3607 1728 3670 perge.
2163 3591 2172 3599 '

493 3780 820 3857 ⁵0⁶1>qu
851 3763 1049 3848 Leodfi'
1080 3804 1160 3848 m.
1203 3785 1316 3848 παι.
1361 3806 1428 3849 α...
1454 3783 1824 3854 annocum.
