2742 4509
1288 181 1524 272 (ὅθ)

417 293 590 357 Nunc
607 316 665 355 v.
705 314 764 356 ο.
790 314 925 375 quae
944 298 989 373 j.
1024 293 1066 353 1.
1088 307 1126 354 t.
1152 315 1210 356 n.
1241 310 1379 373 post
1420 319 1475 356 u.
1496 337 1513 370 ‚
1548 317 1603 356 c.
1637 317 1731 373 c.‚·
1769 298 1999 359 tradite
2033 321 2093 357 n.
2111 315 2174 378 54
2205 319 2265 361 v.
2299 322 2399 383 μ,
2475 303 2488 310 ”

419 393 555 448 quoe
594 372 794 453 (quod
839 375 1090 453 Scaliger
1119 388 1305 434 mutat
1352 373 1410 434 in
1453 396 1576 450 qua
1624 395 1731 455 pro
1767 377 1881 452 ut)
1912 379 1967 458 j.
2005 398 2082 437 m.
2131 401 2205 439 m.
2256 380 2295 440 l.
2335 401 2395 443 ο.

416 452 625 523 Vides,
671 467 788 532 quo
836 451 1139 515 ducantur*
1172 452 1474 512 doctissimi
1505 455 1818 528 =110mines3
1859 456 1971 515 hac
2007 457 2159 517 enim
2206 458 2396 520 inter-

420 531 729 607 pretatione
763 529 903 591 nihil
951 532 1188 610 ineptius
1226 532 1430 592 merito
1473 546 1659 592 censet
1693 534 2045 614 Doeringius.
2089 536 2202 599 Sed
2236 537 2393 599 idem

350 629 357 638 ·
418 628 532 668 non
589 607 888 670 absurdam
933 611 1198 690 quidem,
1259 628 1462 669 verum
1511 610 1891 673 incredibilem
1945 614 2395 678 emendationem

415 688 683 769 proponit
723 705 738 746 t
779 707 931 749 nunc
970 704 1110 764 post
1158 683 1293 764 (vel
1333 693 1491 765 vos)
1545 713 1604 749 u.
1659 711 1711 749 c.
1762 711 1815 751 c.
1862 706 1901 750 t.
1927 733 1946 767 ,
1984 714 2044 754 n.
2087 714 2138 753 r.
2195 716 2255 754 v.
2296 717 2394 774 p.,

416 771 507 826 sic
545 768 812 845 jucunda
841 788 916 828 m.
951 788 1024 826 m.
1066 766 1107 825 l.
1143 786 1201 826 ο.
1234 766 1329 826 Tu
1374 785 1553 842 vero,
1583 770 1629 828 si
1664 787 1757 829 me
1787 769 1976 843 audis,
2016 771 2180 832 unius
2214 774 2397 835 codi-

418 862 552 905 cum
590 845 836 906 lectionis
879 860 1145 914 extrema*
1174 844 1356 906 littera
1391 860 1610 907 mutata
1633 889 1653 924 ‚
1698 846 1817 926 iege
1859 870 1876 909 t

545 1019 699 1074 Nunc
735 1037 862 1085 vos,
895 1031 1074 1088 optato
1104 1016 1215 1088 quae
1243 1020 1419 1089 junxit
1445 1020 1637 1072 lumine
1680 1021 1808 1083 taeda
1827 1059 1847 1089 ,

610 1088 731 1140 Non
768 1094 887 1157 pos't
920 1088 1173 1139 unanimis
1204 1104 1416 1156 corpora
1460 1088 1577 1157 conj
1653 1089 1664 1101 ⁸
1704 1106 1765 1141 us

548 1152 760 1207 Tradite
777 1152 1078 1231 ...nudantes
1117 1153 1307 1232 rejecta
1334 1166 1477 1207 veste
1502 1171 1612 1273 pap
1653 1154 1762 1219 las,

616 1219 762 1290 Quin
795 1220 1022 1289 jucunda
1060 1218 1188 1273 mihi
1218 1237 1427 1274 munera
1460 1219 1501 1273 li
1540 1234 1593 1274 et
1628 1239 1765 1292 onyx

416 1384 536 1445 Cur
575 1382 697 1445 ita?
718 1384 870 1463 Quia
898 1384 976 1445 sic
1001 1384 1272 1444 levissima
1311 1383 1626 1444 mutatione
1650 1387 1795 1462 quin
1825 1403 1931 1461 pro
1956 1403 2093 1465 quce
2115 1383 2173 1445 id
2197 1381 2393 1450 habe—
2436 1401 2442 1409 “

416 1477 514 1523 tur
531 1505 550 1539 ,
581 1464 642 1523 in
677 1464 967 1544 quo'nihil
997 1464 1112 1523 sive
1131 1526 1135 1530 ,
1154 1481 1272 1523 rem
1289 1504 1309 1539 ‚
1350 1464 1469 1521 sive
1492 1461 1793 1523 dictionem
1817 1464 2070 1542 respicias
2090 1506 2107 1538 ‚
2134 1462 2388 1525 offendit.

392 1544 505 1602 ‚De
531 1556 672 1623 post
705 1548 892 1622 proin
912 1543 1217 1619 posterum
1253 1538 1445 1600 confer
1477 1562 1627 1602 nvxv
1647 1581 1666 1616 ‚
1703 1541 1817 1603 323
1837 1542 1876 1616 ‚⁴
1895 1546 2156 1604 carmine
2175 1583 2195 1618 ‚
2233 1564 2392 1621 per-

394 1620 579 1699 fidiae
600 1622 764 1699 quod
792 1636 929 1698 post
949 1620 1115 1680 nulla
1138 1635 1354 1699 arguet
1371 1634 1538 1683 oetas.
1562 1621 1653 1679 De
1691 1640 1752 1681 re
1777 1635 1997 1695 autem,
2036 1621 2174 1699 quid
2211 1621 2396 1702 aptius

417 1701 723 1778 cogitabis,
756 1718 930 1775 quam
970 1718 1190 1758 comam
1231 1712 1436 1777 nuptas
1475 1698 1689 1780 precari
1711 1741 1729 1773 ‚
1773 1713 1834 1758 ut
1872 1700 2220 1791 inposterum
2250 1719 2385 1757 cor-

416 1797 555 1858 pora
588 1799 703 1837 non
725 1778 949 1834 tradant
983 1775 1350 1855 conjugibus,
1388 1780 1527 1857 quin
1564 1796 1796 1838 munera
1839 1776 1939 1837 sibi
1963 1795 2034 1835 ex
2065 1794 2246 1855 onyce
2274 1775 2308 1834 i.
2330 1797 2382 1837 e.

416 1857 706 1935 unguenta
746 1852 962 1914 libent?
1006 1855 1287 1915 Caeterum
1325 1857 1383 1914 in
1422 1859 1606 1936 primo
1633 1872 1798 1920 ver-sn
1835 1856 2005 1934 possis
2037 1853 2216 1932 legere
2240 1872 2392 1933 quas

418 1953 524 2012 pro
547 1946 722 2013 qiioe3
745 1952 887 2011 opus
919 1947 1103 1992 tamen
1142 1954 1258 1992 uon
1294 1948 1377 1994 est
1399 1957 1417 2012 ς
1437 1955 1571 1995 nam
1607 1948 1664 1994 et
1699 1951 1835 2014 quoe
1864 1949 2011 1994 recte
2053 1930 2289 1993 refertur
2315 1931 2390 1993 ad

416 2032 722 2093 corpora,
757 2026 812 2070 et
853 2032 1070 2071 necesse
1117 2032 1232 2071 non
1269 2028 1390 2090 est,
1431 2028 1497 2074 ut
1548 2012 1820 2072 referatur
1856 2013 1928 2073 ad
1964 2031 2106 2082 νος,
2149 2017 2158 2024 “
2199 2011 2287 2069 uia
2330 2022 2390 2069 et

416 2093 549 2151 alias
583 2105 641 2152 et
671 2111 704 2150 e
727 2090 1086 2171 sequentibus
1124 2091 1253 2152 satis
1284 2092 1472 2171 patet,
1502 2106 1630 2169 post
1663 2111 1778 2151 vos
1811 2111 1924 2150 esse
1960 2089 2179 2149 subinte
2204 2088 2392 2167 ligen-

416 2171 556 2232 dnm
595 2189 766 2231 novoe
797 2179 1031 2249 nuptae,
1085 2183 1144 2229 et
1198 2190 1230 2228 e
1282 2190 1449 2231 versu
1503 2170 1600 2251 872
1659 2172 1956 2230 commode
2008 2169 2080 2227 ad
2113 2167 2394 2247 phraseos

421 2250 625 2310 initum
663 2250 812 2309 trahi
843 2262 1025 2327 potest
1057 2268 1096 2308 ο
1129 2262 1343 2327 nuptoe.
1382 2249 1580 2311 Restat
1615 2263 1684 2310 ut
1707 2263 1921 2329 partem
1952 2246 2234 2317 carminis,
2255 2264 2390 2326 <qua

414 2343 525 2388 tres
559 2329 972 2388 emendationes
1010 2327 1401 2404 continentur,
1435 2329 1762 2388 continuam
1798 2341 1855 2386 et
1886 2347 1955 2386 ex
1985 2340 2173 2400 nostra
2203 2333 2391 2384 mente

414 2407 729 2467 distinctam
755 2404 1079 2483 adjiciamus
1095 2443 1114 2478 ‚
1142 2423 1259 2481 quo
1284 2405 1482 2467 melius
1501 2408 1901 2467 sententiarum
1919 2406 2112 2467 seriem
2145 2420 2390 2466 nexum-

413 2505 527 2565 que
557 2487 813 2556 intuens,
850 2482 1020 2560 possis
1062 2479 1330 2558 judicare.

410 2633 532 2687 Non
560 2630 641 2682 his
682 2641 787 2683 tam
818 2627 964 2680 laetor
1000 2627 1154 2681 rebus
1173 2665 1190 2694 ,
1229 2645 1380 2699 quam
1420 2648 1504 2683 me
1539 2631 1716 2684 abfore
1753 2646 1953 2699 semper
1970 2664 1988 2694 ,

476 2698 667 2752 Absore
701 2715 785 2749 me
825 2714 853 2747 a
874 2695 1090 2747 dominoe
1119 2697 1309 2751 vertice
1344 2696 1653 2763 discruciorr,

420 2766 644 2837 Quicum
685 2782 812 2846 ego,
851 2762 975 2815 dum
1013 2764 1156 2835 virgo
1189 2765 1449 2836 quondam
1484 2766 1612 2830 fuit,
1644 2764 1878 2816 omnibus
1909 2760 2085 2830 (nunc)
2121 2775 2299 2829 expers

475 2831 768 2907 Unguenus
788 2869 805 2898 ‚
837 2848 936 2882 una
968 2829 1123 2882 miliia
1163 2831 1322 2883 multa
1358 2833 1489 2885 bibi.

417 2897 570 2952 Nunc
609 2917 736 2967 vos,
769 2911 946 2970 optato
975 2914 1083 2978 quae
1108 2899 1279 2967 junxit
1314 2899 1506 2951 lumine
1546 2898 1708 2965 taeda,

476 2967 594 3019 Non
628 2980 747 3037 post
773 2966 1024 3017 unanimis
1059 2982 1273 3035 corpora
1309 2966 1616 3036 conjugibus

407 3031 940 3114 'stadum-nudantes
961 3031 1159 3109 Lrejecta
1199 3043 1342 3109 veste
1382 3033 1628 3102 papillas,

406 3099 623 3217 vssss?
634 3097 1691 3234 3332?{23:2¹²¹933¹35¹2u¹2¹2b5212⁰33121²11
1713 3185 1729 3233 ³

473 3231 581 3282 Sed
655 3249 728 3282 uoe
769 3249 825 3283 se
864 3235 1065 3297 impuro
1107 3229 1252 3280 dedit
1278 3229 1380 3282 adu
1405 3235 1571 3300 terit),

403 3295 579 3363 Illius,
605 3249 703 3349 ιἹιέ
744 3296 877 3349 mala
904 3295 1039 3347 dona
1075 3295 1199 3347 levis
1224 3296 1371 3349 bibat
1400 3300 1554 3351 inrita
1591 3298 1797 3370 pulvis3

468 3363 700 3434 Namque
735 3383 830 3435 ego
850 3363 917 3415 ab
950 3363 1176 3434 indignis
1215 3366 1418 3433 praemia
1458 3365 1596 3418 nulla
1634 3377 1773 3437 peto.

405 3431 498 3484 Sic
531 3432 689 3503 magis
709 3467 726 3496 ‚
764 3448 796 3482 o
832 3441 1004 3498 nuptae
1029 3465 1046 3494 ,
1070 3447 1271 3500 semper
1301 3433 1576 3486 eoncordia
1620 3447 1812 3489 vestras

471 3497 688 3566 Semper
726 3514 866 3550 amor
901 3495 1047 3551 sedes
1085 3496 1278 3550 incolat
1305 3500 1558 3553 assiduus.

401 3565 482 3617 Tu
512 3581 635 3619 vero
715 3568 916 3634 regina,
964 3576 1112 3615 tuens
1147 3582 1302 3635 quum
1341 3566 1508 3620 sidera
1551 3566 1728 3621 divam

469 3602 703 3685 placabis
737 3633 878 3688 festis
899 3630 1176 3684 luminibus
1212 3631 1467 3710 Venerem
1485 3670 1501 3697 ‚

398 3698 657 3819 Unbgthinis
689 3714 949 3818 expelrtem
978 3716 1085 3815 nain
1119 3710 1302 3752 vestris
1332 3718 1442 3818 «ἕζεο.
1478 3712 1622 3753 tuam
1656 3719 1767 3770 me,

401 3784 585 3884 Sidgra
606 3778 959 3886 ξῗιῐέηῗιοίἑξιιῗ
985 3784 1012 3882 ξ
1050 3782 1455 3884 υἳῖῃῗῑζηῖῗωῗ
1467 3802 1602 3906 r'egia
1633 3834 1783 3889 fiam!

456 3896 730 3957 Proximus
765 3897 1065 3972 Hydrochoi
1097 3898 1265 3972 fulgor
1302 3910 1356 3953 et
1397 3900 1610 3958 Oarion.
1679 3953 1684 3959 .
