2742 4509
1 2580 4 2603 Ἢ,
1 2524 4 2557 ,Α
1 2458 4 2497 ᾖ
0 2257 7 2431 -ῂ-,Ῡῄ
1 2188 4 2241 *⁴*

1196 264 1438 355 (45)
1585 262 1591 269 ’

335 383 616 446 occultata
655 402 672 443 τ
711 398 838 461 quse
868 378 1009 441 bina
1027 379 1244 442 nonnisi
1276 380 1332 438 in
1353 375 1565 449 Delum
1589 372 1787 437 eadere
1821 384 2098 455 poterant.
2132 368 2247 435 Vid

339 463 585 543 denique
633 461 1002 522 mutationem
1033 479 1146 519 non
1185 459 1260 517 ita
1302 473 1569 534 magnam
1606 453 1851 515 duarum
1889 471 2131 526 vocum,
2168 469 2309 537 quas

337 563 373 603 a
411 540 643 602 librariis
682 559 794 600 non
845 552 1142 618 corruptas
1184 537 1359 614 magis
1410 535 1713 605 mirareris,
1760 550 1933 614 quam
1984 541 2314 608 corruptas,

339 635 541 697 utpote
593 638 733 699 quas
771 635 873 698 per
917 618 1162 677 mediam
1216 627 1441 675 aetatem
1483 631 1794 692 paucorum
1827 624 1947 671 erat
1984 608 2317 686 intelligere.

337 699 502 776 Scio,
534 696 807 780 quosdam
848 695 1145 774 conjecisse
1167 708 1264 756 aut
1340 693 1561 752 robasse
1594 704 1723 754 arte
1744 692 1986 772 ferax,
2010 687 2147 766 quia
2174 686 2314 747 olim

337 779 545 839 inculta
591 778 802 851 Delos,
840 774 937 834 sed
974 777 1160 854 ipsum
1201 775 1293 833 De
1321 793 1393 833 os
1426 771 1541 831 sine
1574 774 1892 831 necessitate
1931 764 2317 858 inducendum

337 877 448 917 non
491 871 604 928 est3
641 870 699 914 et
733 855 776 915 si
811 855 957 933 legas
1003 853 1179 914 tellus
1212 847 1346 915 ἅντε
1371 851 1610 932 firax,
1653 850 1814 910 nimis
1863 848 2095 907 obscure
2139 842 2319 904 insula

334 936 696 1015 designetur,
731 934 1071 1014 mallemque
1095 932 1264 994 tellus
1294 946 1436 993 ante
1460 930 1648 1011 jera..
1673 933 1752 989 At
1784 928 1962 997 enim,
1982 926 2025 984 si
2066 922 2126 982 id
2148 935 2319 1013 poeta

333 1029 435 1075 aut
470 1012 645 1075 simile
688 1012 1027 1091 scripsisset,
1073 1032 1185 1079 non
1237 1012 1450 1091 liquet,
1506 1031 1610 1069 cur
1660 1008 1769 1067 loci
1820 1017 2013 1082 aperta
2046 1015 2318 1063 sementia

332 1107 604 1171 corrupta
642 1090 828 1152 fuerit.
867 1090 1075 1152 Contra
1087 1091 1324 1170 fretum
1364 1109 1549 1170 quum
1592 1087 1845 1164 librarius
1887 1104 2008 1150 non*
2029 1080 2315 1175 intellige-

333 1186 463 1245 ret,
497 1190 682 1249 neque
705 1169 887 1250 freta
930 1184 1027 1232 aut
1061 1192 1149 1231 res
1180 1185 1280 1233 aut
1312 1189 1505 1230 versus
1543 1166 1903 1240 admitteret,
1942 1160 2085 1243 quid
2128 1169 2319 1246 ponus

333 1250 574 1311 scribere
600 1249 838 1327 debuit,
879 1269 1051 1331 quam
1068 1251 1263 1333 fera,
1290 1264 1354 1309 ut
1390 1249 1697 1310 haberetur
1731 1242 1906 1310 tellus
1930 1243 2125 1319 fira3
2165 1236 2322 1331 unde

342 1329 484 1408 alius
505 1372 524 1406 ,
552 1349 668 1388 non
707 1328 1050 1409 intelligens,
1091 1329 1231 1409 quid
1275 1329 1436 1405 capi,
1466 1341 1564 1388 aut
1596 1345 1696 1388 cur
1733 1345 1763 1383 a
1808 1337 1951 1384 terra
1984 1320 2099 1381 fera
2134 1327 2321 1379 mitte·

242 1480 251 1487 ἱ
308 1407 569 1483 rentur,
627 1406 1001 1496 quidspotms
1031 1409 1306 1486 corrigere
1348 1405 1584 1480 debuit,
1635 1419 1810 1483 quam
1854 1412 2066 1478 captas
2079 1391 2321 1474 feras?

413 1488 539 1563 vl,
579 1505 691 1566 277
725 1530 742 1560 ,
786 1488 1070 1568 (Spreng.
1113 1506 1190 1577 p..
1225 1483 1403 1563 128.)
1450 1484 1671 1544 criticus
1701 1479 1929 1561 praefert
1964 1489 2126 1547 arte,
2167 1471 2323 1533 vul-

268 1567 287 1572 “
335 1584 531 1644 garem
568 1579 709 1625 ante·
730 1567 1023 1626 Heinsinm
1064 1564 1387 1639 lectionem,
1422 1564 1521 1643 qui
1551 1560 1751 1621 maluit
1787 1577 1948 1619 arce.
1992 1554 2321 1630 Utrumque

336 1644 622 1704 codicibus
646 1646 860 1704 nititur.
900 1644 1085 1703 Locus
1119 1643 1521 1706 sententiarum
1554 1660 1705 1700 nexu
1739 1635 2016 1709 difficilis,
2062 1648 2177 1724 quo
2215 1649 2321 1689 ex·-

333 1722 561 1802 pedito,
601 1742 728 1804 quae
770 1723 938 1783 lectio
987 1734 1246 1801 praestet,
1283 1719 1577 1800 judicabis.
1613 1717 1706 1778 En
1744 1715 2033 1797 phrasium
2064 1728 2264 1773 sertem
2299 1726 2316 1769 t

464 1848 623 1900 Terra
657 1845 774 1916 pilae
799 1846 981 1898 similis
995 1881 1012 1912 ,
1044 1844 1191 1899 nullo
1219 1844 1487 1900 fulcimine
1519 1846 1680 1911 nixa3

531 1918 661 1965 Aere
702 1912 937 1965 sub‘ecto
973 1925 1081 1965 tam
1118 1930 1269 1984 grave
1307 1912 1504 1984 pendet
1536 1930 1686 1964 onus.

465 1979 582 2050 Ipsa
621 1932 916 2034 volnbiiitas
952 1978 1195 2034 libratum
1226 1982 1445 2032 sustinet
1477 1980 1689 2044 orbem,
1789 2015 1796 2022 -

532 2047 743 2118 Quique
769 2060 971 2118 premat
1002 2059 1206 2115 partes,
1237 2045 1448 2118 angelus
1486 2048 1653 2100 omnis
1695 2043 1863 2098 abest.

466 2114 698 2184 Cumque
723 2116 793 2166 sit
831 2115 887 2167 in
922 2114 1092 2178 media
1115 2133 1285 2167 rernm
1323 2113 1534 2183 regione
1567 2111 1757 2177 locata,

529 2181 601 2233 Et.
634 2193 811 2253 tangat
840 2182 1040 2233 nullum
1063 2180 1242 2260 plusve
1275 2180 1509 2231 minusve
1546 2176 1715 2242 latus,

461 2246 533 2301 Ni
569 2265 792 2300 convexa
821 2250 984 2310 foret,
1025 2246 1163 2315 parti
1188 2243 1406 2298 vicinior
1450 2254 1618 2309 esset,

526 2315 637 2368 Nec
675 2312 903 2364 medium
938 2325 1129 2364 terram
1164 2310 1389 2375 muudus
1424 2310 1635 2363 haberet
1676 2327 1821 2362 onus.

465 2383 595 2431 Arce
627 2379 915 2448 Syracosia,
961 2394 1234 2447 suspensus
1268 2379 1323 2429 in
1352 2394 1467 2430 aere
1496 2375 1669 2429 clauso

448 2446 454 2452 ’
532 2445 656 2498 Stat
680 2443 896 2516 globus,
925 2446 1160 2497 immensi
1186 2461 1345 2517 parva
1385 2444 1543 2518 figura
1575 2435 1725 2515 poli,

461 2513 533 2567 Et
573 2525 821 2584 quantum
862 2530 889 2562 a
917 2512 1151 2580 summis,
1184 2526 1387 2565 tantum
1424 2514 1634 2566 secessit
1664 2512 1732 2563 ab
1771 2512 1890 2566 imis

529 2580 686 2633 Terra
723 2597 738 2633 ε
769 2578 908 2651 quod
951 2581 1011 2631 ut'
1037 2578 1158 2648 fiat,
1186 2582 1348 2633 forma
1393 2580 1616 2634 rotunda
1644 2581 1785 2634 facit.

262 2685 265 2686 ⁷
327 2697 417 2759 Ex
450 2698 539 2757 his
580 2695 859 2757 distichon
903 2696 1219 2757 secundum
1257 2716 1392 2764 cum
1426 2671 1789 2775 sequentibus
1823 2695 2047 2757 duobus
2085 2696 2245 2756 abest
2281 2714 2319 2758 ι

188 2853 195 2864 s
292 2777 616 2839 ‘codicibus
649 2776 939 2855 plurimis,
984 2778 1041 2834 in
1090 2777 1153 2835 iis
1192 2796 1226 2836 a
1273 2775 1733 2835 Francosurtensi
1756 2817 1775 2846 ,
1819 2773 1988 2853 cujus,
2040 2776 2320 2836 variantes

327 2858 646 2918 Fastorum
682 2847 952 2914 lectiones
991 2867 1175 2914 textus
1204 2853 1434 2914 editioni
1474 2853 1678 2933 adjecit
1711 2853 1972 2914 Matthiae
2014 2853 2318 2931 (Franco-

326 2932 508 3005 furti,
575 2931 781 3006 1813.)
849 2931 1071 2994 Eadem
1118 2933 1355 2996 disticha
1396 2954 1512 3006 non
1564 2929 1739 2993 habet
1777 2931 1949 2992 editio
2002 2930 2318 2992 parisiensis

332 3031 383 3071 a.
440 3009 608 3071 1553.
660 3012 822 3087 Quid
875 3012 1060 3073 hinc?
1122 3010 1209 3072 Eo
1252 3009 1451 3094 justius
1503 3025 1758 3090 suspecta
1801 3030 1915 3071 esse
1937 3038 1963 3086 ,·
2011 3011 2180 3090 quia,
2227 3010 2319 3072 his

233 3101 237 3110 ²
329 3090 542 3150 omissis
561 3131 579 3162 ,
632 3104 833 3150 caetera
879 3090 995 3150 levi
1046 3092 1358 3151 mutatione
1414 3091 1694 3167 aptissime
1721 3131 1740 3166 ,
1785 3103 1979 3150 contra
2025 3090 2319 3149 manenti-

329 3167 474 3244 bus,
498 3169 736 3248 pessime
770 3169 1056 3230 cohaerent
1073 3211 1092 3244 ,
1134 3189 1239 3229 nec
1275 3172 1384 3229 loci
1425 3169 1792 3261 probabiliter
1809 3166 2144 3249 expediendi
2171 3168 2317 3231 ratio

330 3246 517 3307 datur.
554 3245 757 3321 Adde,
800 3246 956 3328 qnod
991 3243 1221 3309 tertium
1270 3269 1339 3309 ex
1366 3247 1474 3309 ilhs
1517 3247 1834 3324 distichon,
1870 3248 2038 3327 plane
2084 3243 2321 3308 ridicule

329 3343 462 3384 cum
502 3324 748 3394 secundo
788 3323 1155 3404 conjunctum
1175 3371 1192 3402 ,
1228 3328 1415 3389 omitti
1445 3326 1628 3388 solum
1662 3329 1894 3409 nequit,
1925 3327 2057 3405 quia
2081 3345 2319 3402 sequens

329 3402 608 3466 distichon
666 3404 859 3480 (arce
879 3407 1205 3480 Syracosia
1248 3407 1401 3486 etc.)
1438 3426 1570 3467 cum
1602 3406 1848 3466 secundo
1883 3417 2031 3466 recte
2056 3402 2318 3484 conjungi

324 3483 542 3561 nequit.
585 3481 749 3541 Idem
797 3498 984 3545 tamen
1023 3486 1332 3547 secundum
1378 3507 1512 3546 cum
1544 3488 1729 3565 primo
1770 3485 2008 3545 disticho
2047 3486 2313 3545 cohaeret.

323 3559 432 3621 Est
467 3559 613 3621 adeo
637 3566 823 3640 gravis
856 3580 1022 3624 causa
1043 3606 1059 3634 ,
1098 3584 1199 3623 cur
1242 3566 1367 3626 viro
1401 3568 1568 3626 docto
1608 3569 1711 3645 (v.
1751 3564 2011 3630 Lemairii
2051 3561 2124 3620 ad
2160 3562 2317 3621 hunc
2351 3585 2355 3594 ·

325 3639 519 3701 locum
560 3644 834 3720 notam),
879 3642 970 3701 illa
1013 3643 1250 3703 disticha
1284 3657 1348 3704 ut
1388 3644 1579 3725 spuria
1630 3642 1897 3725 rejicienti
1934 3641 2315 3701 assentiamur.

327 3719 464 3795 Quo
491 3718 676 3796 facto,
708 3732 775 3778 ut
807 3732 866 3778 et
916 3742 1090 3781 nexus
1114 3723 1514 3783 sententiarum
1539 3737 1598 3784 et
1622 3724 1797 3784 dictio
1830 3723 1938 3782 sint
1964 3737 2093 3779 cum
2118 3730 2315 3797 aperta

324 3808 448 3858 tum
476 3800 692 3878 optima
708 3838 727 3875 ,
753 3818 863 3878 pro
884 3803 947 3859 in
973 3807 1114 3861 aei-e
1133 3800 1256 3880 lege
1279 3816 1351 3882 ut,
1362 3822 1505 3863 aere
1530 3844 1548 3878 ,
1567 3803 1866 3883 locumque
1890 3799 1970 3860 sic
1992 3796 2270 3880 distingue
2291 3818 2311 3859 ε

452 3934 622 4008 'I’erra⁵
637 3935 756 4007 pilas
782 3936 962 3991 similis
978 3973 996 4004 ,
1034 3937 1176 3992 nullo
1211 3937 1474 3991 fulcimine
1508 3938 1665 4004 nixa,

526 4007 657 4060 Aere
683 4004 1064 4078 subjectum
1097 4022 1249 4080 grave
1282 4004 1480 4084 pendet
1512 4021 1675 4072 onus,

1585 4110 1613 4141 4
