<?xml version="1.0" encoding="UTF-8"?>
<!DOCTYPE html PUBLIC "-//W3C//DTD XHTML 1.0 Transitional//EN"
    "http://www.w3.org/TR/xhtml1/DTD/xhtml1-transitional.dtd">
<html xmlns="http://www.w3.org/1999/xhtml" xml:lang="en" lang="en">
 <head>
  <title>
</title>
<meta http-equiv="Content-Type" content="text/html;charset=utf-8" />
  <meta name='ocr-system' content='tesseract 3.04.00' />
  <meta name='ocr-capabilities' content='ocr_page ocr_carea ocr_par ocr_line ocrx_word'/>
</head>
<body>
  <div class='ocr_page' id='page_1' title='image "./jdfussadjblycoc00spregoog_0055.png"; bbox 0 0 2742 4509; ppageno 0'>
   <div class='ocr_carea' id='block_1_1' title="bbox 1164 213 1510 302">
    <p class='ocr_par' dir='ltr' id='par_1_1' title="bbox 1164 213 1510 302">
     <span class='ocr_line' id='line_1_1' title="bbox 1164 213 1510 302; baseline -0.014 0"><span class='ocrx_word' id='word_1_1' title='bbox 1164 213 1510 302; x_wconf 70' lang='lat'><strong>(37)‘</strong></span> 
     </span>
    </p>
   </div>
   <div class='ocr_carea' id='block_1_2' title="bbox 238 322 2352 4023">
    <p class='ocr_par' dir='ltr' id='par_1_2' title="bbox 298 322 2284 970">
     <span class='ocr_line' id='line_1_2' title="bbox 299 322 2276 406; baseline -0.006 -14"><span class='ocrx_word' id='word_1_2' title='bbox 299 343 417 392; x_wconf 86' lang='lat' dir='ltr'><strong>tem</strong></span> <span class='ocrx_word' id='word_1_3' title='bbox 436 371 456 406; x_wconf 91' lang='lat'><strong>,</strong></span> <span class='ocrx_word' id='word_1_4' title='bbox 480 348 648 391; x_wconf 89' lang='lat' dir='ltr'><strong>nemo</strong></span> <span class='ocrx_word' id='word_1_5' title='bbox 683 326 854 404; x_wconf 80' lang='lat' dir='ltr'><strong>feret,</strong></span> <span class='ocrx_word' id='word_1_6' title='bbox 880 344 949 387; x_wconf 88' lang='lat' dir='ltr'><strong>eo</strong></span> <span class='ocrx_word' id='word_1_7' title='bbox 972 323 1205 406; x_wconf 86' lang='lat' dir='ltr'><strong>quidem</strong></span> <span class='ocrx_word' id='word_1_8' title='bbox 1227 328 1414 387; x_wconf 82' lang='lat' dir='ltr'><strong>minus</strong></span> <span class='ocrx_word' id='word_1_9' title='bbox 1431 367 1450 401; x_wconf 87' lang='lat'><strong>,</strong></span> <span class='ocrx_word' id='word_1_10' title='bbox 1476 324 1748 406; x_wconf 58' lang='lat' dir='ltr'><strong>quoniam*</strong></span> <span class='ocrx_word' id='word_1_11' title='bbox 1765 331 1825 385; x_wconf 85' lang='lat' dir='ltr'><strong>et</strong></span> <span class='ocrx_word' id='word_1_12' title='bbox 1847 322 2032 401; x_wconf 90' lang='lat' dir='ltr'><strong>inepte</strong></span> <span class='ocrx_word' id='word_1_13' title='bbox 2053 332 2276 402; x_wconf 80' lang='lat' dir='ltr'><strong>patrem</strong></span> 
     </span>
     <span class='ocr_line' id='line_1_3' title="bbox 299 404 2276 482; baseline -0.004 -12"><span class='ocrx_word' id='word_1_14' title='bbox 299 411 569 470; x_wconf 85' lang='lat' dir='ltr'><strong>duorum·</strong></span> <span class='ocrx_word' id='word_1_15' title='bbox 598 414 899 468; x_wconf 79' lang='lat' dir='ltr'>Arctorum</span> <span class='ocrx_word' id='word_1_16' title='bbox 936 406 1143 466; x_wconf 76' lang='lat' dir='ltr'><strong>lovem</strong></span> <span class='ocrx_word' id='word_1_17' title='bbox 1189 420 1356 482; x_wconf 87' lang='lat' dir='ltr'><strong>poeta</strong></span> <span class='ocrx_word' id='word_1_18' title='bbox 1406 419 1692 478; x_wconf 83' lang='lat' dir='ltr'><strong>vocasset,</strong></span> <span class='ocrx_word' id='word_1_19' title='bbox 1743 404 1964 463; x_wconf 85' lang='lat' dir='ltr'><strong>alterius</strong></span> <span class='ocrx_word' id='word_1_20' title='bbox 2021 413 2276 481; x_wconf 78' lang='lat' dir='ltr'><strong>patrem,</strong></span> 
     </span>
     <span class='ocr_line' id='line_1_4' title="bbox 303 480 2275 560; baseline -0.005 -11"><span class='ocrx_word' id='word_1_21' title='bbox 303 490 530 550; x_wconf 87' lang='lat' dir='ltr'><strong>alterius</strong></span> <span class='ocrx_word' id='word_1_22' title='bbox 575 505 783 560; x_wconf 81' lang='lat' dir='ltr'><strong>avum,</strong></span> <span class='ocrx_word' id='word_1_23' title='bbox 832 500 891 546; x_wconf 85' lang='lat' dir='ltr'><strong>et</strong></span> <span class='ocrx_word' id='word_1_24' title='bbox 933 485 1085 546; x_wconf 89' lang='lat' dir='ltr'><strong>idem</strong></span> <span class='ocrx_word' id='word_1_25' title='bbox 1143 487 1356 545; x_wconf 83' lang='lat' dir='ltr'><strong>Booten</strong></span> <span class='ocrx_word' id='word_1_26' title='bbox 1455 482 1644 549; x_wconf 85' lang='lat' dir='ltr'><strong>uidem</strong></span> <span class='ocrx_word' id='word_1_27' title='bbox 1698 481 1730 550; x_wconf 91' lang='lat'>(</span> <span class='ocrx_word' id='word_1_28' title='bbox 1750 483 1893 543; x_wconf 79' lang='lat' dir='ltr'><strong>Fast</strong></span> <span class='ocrx_word' id='word_1_29' title='bbox 1924 503 2007 555; x_wconf 78' lang='grc' dir='ltr'><strong>ιι,</strong></span> <span class='ocrx_word' id='word_1_30' title='bbox 2054 498 2175 560; x_wconf 86' lang='lat'><strong>¹9⁰·</strong></span> <span class='ocrx_word' id='word_1_31' title='bbox 2200 480 2275 555; x_wconf 85' lang='lat'><strong>),</strong></span> 
     </span>
     <span class='ocr_line' id='line_1_5' title="bbox 301 556 2279 644; baseline -0.006 -17"><span class='ocrx_word' id='word_1_32' title='bbox 301 587 476 644; x_wconf 85' lang='lat' dir='ltr'><strong>quem</strong></span> <span class='ocrx_word' id='word_1_33' title='bbox 511 564 998 643; x_wconf 59' lang='lat' dir='ltr'><strong>alias-Icarum‚,(</strong></span> <span class='ocrx_word' id='word_1_34' title='bbox 1019 561 1164 623; x_wconf 81' lang='lat' dir='ltr'><strong>Met.</strong></span> <span class='ocrx_word' id='word_1_35' title='bbox 1205 566 1291 640; x_wconf 80' lang='lat' dir='ltr'><strong>(x</strong></span> <span class='ocrx_word' id='word_1_36' title='bbox 1323 604 1339 631; x_wconf 70' lang='lat'><strong>,</strong></span> <span class='ocrx_word' id='word_1_37' title='bbox 1367 561 1409 639; x_wconf 75' lang='grc'><strong><em>4</em></strong></span> <span class='ocrx_word' id='word_1_38' title='bbox 1446 582 1497 621; x_wconf 81' lang='grc' dir='ltr'><strong>ο.</strong></span> <span class='ocrx_word' id='word_1_39' title='bbox 1521 562 1584 640; x_wconf 90' lang='lat'><strong>),</strong></span> <span class='ocrx_word' id='word_1_40' title='bbox 1620 562 1753 620; x_wconf 75' lang='lat' dir='ltr'><strong>iecit</strong></span> <span class='ocrx_word' id='word_1_41' title='bbox 1787 558 2104 633; x_wconf 78' lang='lat' dir='ltr'><strong>Arcadem,</strong></span> <span class='ocrx_word' id='word_1_42' title='bbox 2141 556 2279 617; x_wconf 90' lang='lat' dir='ltr'><strong>Cal-</strong></span> 
     </span>
     <span class='ocr_line' id='line_1_6' title="bbox 299 637 2280 721; baseline -0.004 -16"><span class='ocrx_word' id='word_1_43' title='bbox 299 646 456 705; x_wconf 85' lang='lat' dir='ltr'><strong>listus</strong></span> <span class='ocrx_word' id='word_1_44' title='bbox 494 644 672 703; x_wconf 89' lang='lat' dir='ltr'><strong>filium</strong></span> <span class='ocrx_word' id='word_1_45' title='bbox 699 687 717 719; x_wconf 89' lang='lat'><strong>,</strong></span> <span class='ocrx_word' id='word_1_46' title='bbox 758 658 816 705; x_wconf 83' lang='lat' dir='ltr'><strong>at</strong></span> <span class='ocrx_word' id='word_1_47' title='bbox 839 662 1117 721; x_wconf 79' lang='lat' dir='ltr'><strong>nusquam</strong></span> <span class='ocrx_word' id='word_1_48' title='bbox 1159 642 1313 702; x_wconf 87' lang='lat' dir='ltr'><strong>hunc</strong></span> <span class='ocrx_word' id='word_1_49' title='bbox 1336 643 1543 700; x_wconf 82' lang='lat' dir='ltr'><strong>Ursam</strong></span> <span class='ocrx_word' id='word_1_50' title='bbox 1568 642 1860 701; x_wconf 76' lang='lat' dir='ltr'><strong>minorem.</strong></span> <span class='ocrx_word' id='word_1_51' title='bbox 1896 637 2038 697; x_wconf 78' lang='lat' dir='ltr'><strong>Haec</strong></span> <span class='ocrx_word' id='word_1_52' title='bbox 2065 650 2280 697; x_wconf 81' lang='lat' dir='ltr'><strong>contra</strong></span> 
     </span>
     <span class='ocr_line' id='line_1_7' title="bbox 299 717 2279 803; baseline -0.007 -16"><span class='ocrx_word' id='word_1_53' title='bbox 299 722 618 801; x_wconf 84' lang='lat' dir='ltr'><strong>Sprengelis</strong></span> <span class='ocrx_word' id='word_1_54' title='bbox 646 722 1050 803; x_wconf 82' lang='lat' dir='ltr'><strong>conjecturam.</strong></span> <span class='ocrx_word' id='word_1_55' title='bbox 1082 722 1282 790; x_wconf 88' lang='lat' dir='ltr'><strong>Nunc,</strong></span> <span class='ocrx_word' id='word_1_56' title='bbox 1320 723 1438 799; x_wconf 87' lang='lat' dir='ltr'><strong>ipse</strong></span> <span class='ocrx_word' id='word_1_57' title='bbox 1476 738 1649 799; x_wconf 83' lang='lat' dir='ltr'><strong>quam</strong></span> <span class='ocrx_word' id='word_1_58' title='bbox 1675 718 2017 797; x_wconf 81' lang='lat' dir='ltr'><strong>repererim,</strong></span> <span class='ocrx_word' id='word_1_59' title='bbox 2054 717 2167 775; x_wconf 87' lang='lat' dir='ltr'><strong>acci</strong></span> <span class='ocrx_word' id='word_1_60' title='bbox 2260 757 2279 788; x_wconf 86' lang='lat'><strong>,</strong></span> 
     </span>
     <span class='ocr_line' id='line_1_8' title="bbox 299 793 2284 874; baseline -0.004 -11"><span class='ocrx_word' id='word_1_61' title='bbox 299 801 572 863; x_wconf 77' lang='lat' dir='ltr'><strong>audacem</strong></span> <span class='ocrx_word' id='word_1_62' title='bbox 599 822 727 862; x_wconf 91' lang='lat' dir='ltr'><strong>sane</strong></span> <span class='ocrx_word' id='word_1_63' title='bbox 766 817 823 863; x_wconf 89' lang='lat' dir='ltr'><strong>et</strong></span> <span class='ocrx_word' id='word_1_64' title='bbox 859 802 1009 861; x_wconf 90' lang='lat' dir='ltr'><strong>hanc</strong></span> <span class='ocrx_word' id='word_1_65' title='bbox 1029 845 1046 874; x_wconf 91' lang='lat'><strong>,</strong></span> <span class='ocrx_word' id='word_1_66' title='bbox 1071 798 1168 860; x_wconf 89' lang='lat' dir='ltr'><strong>sed</strong></span> <span class='ocrx_word' id='word_1_67' title='bbox 1190 841 1208 872; x_wconf 91' lang='lat'><strong>,</strong></span> <span class='ocrx_word' id='word_1_68' title='bbox 1249 799 1292 858; x_wconf 89' lang='lat' dir='ltr'><strong>si</strong></span> <span class='ocrx_word' id='word_1_69' title='bbox 1329 798 1467 860; x_wconf 84' lang='lat' dir='ltr'><strong>falsa</strong></span> <span class='ocrx_word' id='word_1_70' title='bbox 1490 840 1509 874; x_wconf 87' lang='lat'><strong>,</strong></span> <span class='ocrx_word' id='word_1_71' title='bbox 1533 818 1648 857; x_wconf 91' lang='lat' dir='ltr'><strong>non</strong></span> <span class='ocrx_word' id='word_1_72' title='bbox 1673 794 1925 858; x_wconf 89' lang='lat' dir='ltr'><strong>inutilem</strong></span> <span class='ocrx_word' id='word_1_73' title='bbox 1967 793 2111 856; x_wconf 81' lang='lat' dir='ltr'><strong>sorte</strong></span> <span class='ocrx_word' id='word_1_74' title='bbox 2140 813 2176 853; x_wconf 89' lang='lat' dir='ltr'><strong>o</strong></span> <span class='ocrx_word' id='word_1_75' title='bbox 2201 794 2284 855; x_wconf 79' lang='lat' dir='ltr'><strong>&#39;m</strong></span> 
     </span>
     <span class='ocr_line' id='line_1_9' title="bbox 298 874 1921 970; baseline -0.004 -31"><span class='ocrx_word' id='word_1_76' title='bbox 298 878 493 940; x_wconf 83' lang='lat' dir='ltr'><strong>locum</strong></span> <span class='ocrx_word' id='word_1_77' title='bbox 534 894 817 941; x_wconf 86' lang='lat' dir='ltr'><strong>tentaturo</strong></span> <span class='ocrx_word' id='word_1_78' title='bbox 837 923 856 954; x_wconf 91' lang='lat'><strong>,</strong></span> <span class='ocrx_word' id='word_1_79' title='bbox 948 897 1078 939; x_wconf 88' lang='lat' dir='ltr'><strong>uem</strong></span> <span class='ocrx_word' id='word_1_80' title='bbox 1111 891 1448 958; x_wconf 76' lang='lat' dir='ltr'><strong>corruptum</strong></span> <span class='ocrx_word' id='word_1_81' title='bbox 1487 897 1710 970; x_wconf 85' lang='lat' dir='ltr'><strong>prorsus</strong></span> <span class='ocrx_word' id='word_1_82' title='bbox 1755 874 1921 935; x_wconf 88' lang='lat' dir='ltr'><strong>duco.</strong></span> 
     </span>
    </p>

    <p class='ocr_par' dir='ltr' id='par_1_3' title="bbox 299 950 2300 2037">
     <span class='ocr_line' id='line_1_10' title="bbox 358 950 2283 1035; baseline -0.004 -15"><span class='ocrx_word' id='word_1_83' title='bbox 358 960 504 1020; x_wconf 80' lang='lat' dir='ltr'><strong>Scis</strong></span> <span class='ocrx_word' id='word_1_84' title='bbox 533 1000 553 1034; x_wconf 87' lang='lat'><strong>,</strong></span> <span class='ocrx_word' id='word_1_85' title='bbox 608 959 845 1020; x_wconf 88' lang='lat' dir='ltr'><strong>insulam</strong></span> <span class='ocrx_word' id='word_1_86' title='bbox 958 957 1228 1018; x_wconf 85' lang='lat' dir='ltr'><strong>iberinam</strong></span> <span class='ocrx_word' id='word_1_87' title='bbox 1265 960 1320 1018; x_wconf 93' lang='lat' dir='ltr'><strong>in</strong></span> <span class='ocrx_word' id='word_1_88' title='bbox 1346 1012 1353 1016; x_wconf 91' lang='lat'>.</span> <span class='ocrx_word' id='word_1_89' title='bbox 1379 976 1538 1017; x_wconf 76' lang='lat' dir='ltr'><strong>navis</strong></span> <span class='ocrx_word' id='word_1_90' title='bbox 1578 955 1816 1035; x_wconf 88' lang='lat' dir='ltr'><strong>speciem</strong></span> <span class='ocrx_word' id='word_1_91' title='bbox 1863 971 1977 1013; x_wconf 82' lang='lat' dir='ltr'><strong>esse</strong></span> <span class='ocrx_word' id='word_1_92' title='bbox 2017 950 2283 1013; x_wconf 74' lang='lat' dir='ltr'><strong>lateribus</strong></span> 
     </span>
     <span class='ocr_line' id='line_1_11' title="bbox 303 1032 2286 1110; baseline -0.003 -14"><span class='ocrx_word' id='word_1_93' title='bbox 303 1034 656 1098; x_wconf 70' lang='lat' dir='ltr'><strong>aedificatam.</strong></span> <span class='ocrx_word' id='word_1_94' title='bbox 685 1039 834 1099; x_wconf 82' lang='lat' dir='ltr'><strong>Nota</strong></span> <span class='ocrx_word' id='word_1_95' title='bbox 856 1056 941 1096; x_wconf 89' lang='lat' dir='ltr'><strong>res</strong></span> <span class='ocrx_word' id='word_1_96' title='bbox 964 1051 1080 1110; x_wconf 77' lang='lat' dir='ltr'><strong>est3</strong></span> <span class='ocrx_word' id='word_1_97' title='bbox 1121 1037 1200 1096; x_wconf 87' lang='lat' dir='ltr'><strong>ita</strong></span> <span class='ocrx_word' id='word_1_98' title='bbox 1235 1049 1419 1097; x_wconf 86' lang='lat' dir='ltr'><strong>tamen</strong></span> <span class='ocrx_word' id='word_1_99' title='bbox 1438 1076 1456 1110; x_wconf 91' lang='lat'><strong>,</strong></span> <span class='ocrx_word' id='word_1_100' title='bbox 1477 1048 1542 1095; x_wconf 90' lang='lat' dir='ltr'><strong>ut</strong></span> <span class='ocrx_word' id='word_1_101' title='bbox 1579 1034 1747 1094; x_wconf 88' lang='lat' dir='ltr'><strong>latere</strong></span> <span class='ocrx_word' id='word_1_102' title='bbox 1775 1034 2064 1110; x_wconf 86' lang='lat' dir='ltr'><strong>plerosque</strong></span> <span class='ocrx_word' id='word_1_103' title='bbox 2088 1032 2286 1091; x_wconf 76' lang='lat' dir='ltr'><strong>libra-</strong></span> 
     </span>
     <span class='ocr_line' id='line_1_12' title="bbox 304 1109 2283 1194; baseline -0.004 -20"><span class='ocrx_word' id='word_1_104' title='bbox 304 1117 416 1174; x_wconf 86' lang='lat' dir='ltr'><strong>rios</strong></span> <span class='ocrx_word' id='word_1_105' title='bbox 440 1117 724 1191; x_wconf 87' lang='lat' dir='ltr'><strong>potuerit,</strong></span> <span class='ocrx_word' id='word_1_106' title='bbox 744 1119 858 1175; x_wconf 91' lang='lat' dir='ltr'><strong>imo</strong></span> <span class='ocrx_word' id='word_1_107' title='bbox 897 1114 1172 1193; x_wconf 81' lang='lat' dir='ltr'><strong>debuerit.</strong></span> <span class='ocrx_word' id='word_1_108' title='bbox 1201 1115 1363 1194; x_wconf 87' lang='lat' dir='ltr'><strong>Quid</strong></span> <span class='ocrx_word' id='word_1_109' title='bbox 1389 1133 1521 1191; x_wconf 83' lang='lat' dir='ltr'><strong>ergo</strong></span> <span class='ocrx_word' id='word_1_110' title='bbox 1542 1112 1574 1174; x_wconf 71' lang='lat'><strong>3²</strong></span> <span class='ocrx_word' id='word_1_111' title='bbox 1613 1121 1703 1175; x_wconf 82' lang='lat' dir='ltr'><strong>An</strong></span> <span class='ocrx_word' id='word_1_112' title='bbox 1726 1109 1992 1171; x_wconf 83' lang='lat' dir='ltr'><strong>credibile</strong></span> <span class='ocrx_word' id='word_1_113' title='bbox 2026 1109 2283 1183; x_wconf 78' lang='lat' dir='ltr'><strong>videtur,</strong></span> 
     </span>
     <span class='ocr_line' id='line_1_13' title="bbox 308 1189 2286 1309; baseline -0.003 -57"><span class='ocrx_word' id='word_1_114' title='bbox 308 1192 592 1253; x_wconf 88' lang='lat' dir='ltr'><strong>Ovidium</strong></span> <span class='ocrx_word' id='word_1_115' title='bbox 632 1192 804 1273; x_wconf 87' lang='lat' dir='ltr'><strong>hujus</strong></span> <span class='ocrx_word' id='word_1_116' title='bbox 853 1196 929 1253; x_wconf 90' lang='lat' dir='ltr'><strong>rei</strong></span> <span class='ocrx_word' id='word_1_117' title='bbox 980 1214 1082 1254; x_wconf 90' lang='lat' dir='ltr'><strong>nec</strong></span> <span class='ocrx_word' id='word_1_118' title='bbox 1127 1195 1261 1264; x_wconf 88' lang='lat' dir='ltr'><strong>alias</strong></span> <span class='ocrx_word' id='word_1_119' title='bbox 1288 1193 1631 1254; x_wconf 76' lang='lat' dir='ltr'><strong>mentionem</strong></span> <span class='ocrx_word' id='word_1_120' title='bbox 1674 1191 1882 1262; x_wconf 86' lang='lat' dir='ltr'><strong>ullam,</strong></span> <span class='ocrx_word' id='word_1_121' title='bbox 1932 1208 2113 1309; x_wconf 51' lang='lat' dir='ltr'><strong>tregue</strong></span> <span class='ocrx_word' id='word_1_122' title='bbox 2169 1189 2286 1248; x_wconf 85' lang='lat' dir='ltr'><strong>hoe</strong></span> 
     </span>
     <span class='ocr_line' id='line_1_14' title="bbox 308 1266 2287 1347; baseline -0.002 -17"><span class='ocrx_word' id='word_1_123' title='bbox 308 1270 434 1330; x_wconf 90' lang='lat' dir='ltr'><strong>loco</strong></span> <span class='ocrx_word' id='word_1_124' title='bbox 457 1313 475 1344; x_wconf 85' lang='lat'><strong>,</strong></span> <span class='ocrx_word' id='word_1_125' title='bbox 513 1271 613 1330; x_wconf 90' lang='lat' dir='ltr'><strong>ubi</strong></span> <span class='ocrx_word' id='word_1_126' title='bbox 655 1275 845 1335; x_wconf 82' lang='lat' dir='ltr'><strong>insulae</strong></span> <span class='ocrx_word' id='word_1_127' title='bbox 882 1272 1122 1332; x_wconf 83' lang='lat' dir='ltr'><strong>sormam</strong></span> <span class='ocrx_word' id='word_1_128' title='bbox 1166 1273 1411 1333; x_wconf 84' lang='lat' dir='ltr'><strong>studiose</strong></span> <span class='ocrx_word' id='word_1_129' title='bbox 1452 1269 1747 1347; x_wconf 81' lang='lat' dir='ltr'><strong>describit,</strong></span> <span class='ocrx_word' id='word_1_130' title='bbox 1790 1267 2014 1329; x_wconf 82' lang='lat' dir='ltr'><strong>fecisse‘.</strong></span> <span class='ocrx_word' id='word_1_131' title='bbox 2066 1266 2287 1329; x_wconf 84' lang='lat' dir='ltr'><strong>Mireris</strong></span> 
     </span>
     <span class='ocr_line' id='line_1_15' title="bbox 305 1346 2292 1428; baseline -0.003 -19"><span class='ocrx_word' id='word_1_132' title='bbox 305 1350 560 1427; x_wconf 88' lang='lat' dir='ltr'><strong>profecto</strong></span> <span class='ocrx_word' id='word_1_133' title='bbox 581 1392 598 1424; x_wconf 86' lang='lat'><strong>‚</strong></span> <span class='ocrx_word' id='word_1_134' title='bbox 629 1371 752 1411; x_wconf 88' lang='lat' dir='ltr'><strong>rem</strong></span> <span class='ocrx_word' id='word_1_135' title='bbox 799 1366 917 1413; x_wconf 89' lang='lat' dir='ltr'><strong>tam</strong></span> <span class='ocrx_word' id='word_1_136' title='bbox 954 1350 1330 1428; x_wconf 79' lang='lat' dir='ltr'><strong>singularem,</strong></span> <span class='ocrx_word' id='word_1_137' title='bbox 1373 1365 1489 1409; x_wconf 89' lang='lat' dir='ltr'><strong>tam</strong></span> <span class='ocrx_word' id='word_1_138' title='bbox 1532 1349 1873 1410; x_wconf 80' lang='lat' dir='ltr'><strong>celebratam</strong></span> <span class='ocrx_word' id='word_1_139' title='bbox 1913 1346 1987 1405; x_wconf 89' lang='lat' dir='ltr'><strong>ab</strong></span> <span class='ocrx_word' id='word_1_140' title='bbox 2030 1365 2097 1405; x_wconf 89' lang='lat' dir='ltr'><strong>eo</strong></span> <span class='ocrx_word' id='word_1_141' title='bbox 2139 1364 2292 1425; x_wconf 62' lang='lat' dir='ltr'><strong>pras-</strong></span> 
     </span>
     <span class='ocr_line' id='line_1_16' title="bbox 311 1427 2288 1510; baseline -0.003 -23"><span class='ocrx_word' id='word_1_142' title='bbox 311 1429 570 1510; x_wconf 63' lang='lat' dir='ltr'><strong>tentam,</strong></span> <span class='ocrx_word' id='word_1_143' title='bbox 606 1448 723 1508; x_wconf 88' lang='lat' dir='ltr'><strong>quo</strong></span> <span class='ocrx_word' id='word_1_144' title='bbox 759 1429 886 1490; x_wconf 88' lang='lat' dir='ltr'><strong>loco</strong></span> <span class='ocrx_word' id='word_1_145' title='bbox 925 1430 1155 1488; x_wconf 89' lang='lat' dir='ltr'><strong>minime</strong></span> <span class='ocrx_word' id='word_1_146' title='bbox 1180 1441 1487 1508; x_wconf 80' lang='lat' dir='ltr'><strong>exspectes.</strong></span> <span class='ocrx_word' id='word_1_147' title='bbox 1522 1427 1738 1503; x_wconf 88' lang='lat' dir='ltr'><strong>Quidni</strong></span> <span class='ocrx_word' id='word_1_148' title='bbox 1767 1445 1901 1503; x_wconf 79' lang='lat' dir='ltr'><strong>ergo</strong></span> <span class='ocrx_word' id='word_1_149' title='bbox 1941 1436 2288 1499; x_wconf 80' lang='lat' dir='ltr'><strong>scrutemur,</strong></span> 
     </span>
     <span class='ocr_line' id='line_1_17' title="bbox 313 1505 2293 1585; baseline -0.002 -19"><span class='ocrx_word' id='word_1_150' title='bbox 313 1527 386 1566; x_wconf 85' lang='lat' dir='ltr'><strong>an</strong></span> <span class='ocrx_word' id='word_1_151' title='bbox 430 1510 590 1568; x_wconf 87' lang='lat' dir='ltr'><strong>navis</strong></span> <span class='ocrx_word' id='word_1_152' title='bbox 635 1512 847 1569; x_wconf 88' lang='lat' dir='ltr'><strong>mentio</strong></span> <span class='ocrx_word' id='word_1_153' title='bbox 886 1520 1150 1583; x_wconf 83' lang='lat' dir='ltr'><strong>corrupta</strong></span> <span class='ocrx_word' id='word_1_154' title='bbox 1190 1505 1442 1585; x_wconf 83' lang='lat' dir='ltr'><strong>quadam</strong></span> <span class='ocrx_word' id='word_1_155' title='bbox 1481 1526 1623 1566; x_wconf 86' lang='lat' dir='ltr'><strong>voce</strong></span> <span class='ocrx_word' id='word_1_156' title='bbox 1670 1505 2017 1576; x_wconf 77' lang='lat' dir='ltr'><strong>occultetur,</strong></span> <span class='ocrx_word' id='word_1_157' title='bbox 2062 1521 2192 1581; x_wconf 80' lang='lat' dir='ltr'><strong>quae</strong></span> <span class='ocrx_word' id='word_1_158' title='bbox 2229 1515 2293 1565; x_wconf 79' lang='lat' dir='ltr'><strong>et</strong></span> 
     </span>
     <span class='ocr_line' id='line_1_18' title="bbox 307 1578 2288 1665; baseline -0.002 -21"><span class='ocrx_word' id='word_1_159' title='bbox 307 1601 564 1665; x_wconf 87' lang='lat' dir='ltr'><strong>suspecta</strong></span> <span class='ocrx_word' id='word_1_160' title='bbox 590 1587 792 1645; x_wconf 85' lang='lat' dir='ltr'><strong>merito</strong></span> <span class='ocrx_word' id='word_1_161' title='bbox 814 1587 883 1646; x_wconf 90' lang='lat' dir='ltr'><strong>sit</strong></span> <span class='ocrx_word' id='word_1_162' title='bbox 900 1629 918 1662; x_wconf 89' lang='lat'><strong>,</strong></span> <span class='ocrx_word' id='word_1_163' title='bbox 939 1600 994 1645; x_wconf 86' lang='lat' dir='ltr'><strong>et</strong></span> <span class='ocrx_word' id='word_1_164' title='bbox 1020 1585 1151 1645; x_wconf 87' lang='lat' dir='ltr'><strong>alias</strong></span> <span class='ocrx_word' id='word_1_165' title='bbox 1187 1585 1534 1645; x_wconf 82' lang='lat' dir='ltr'><strong>mentionem</strong></span> <span class='ocrx_word' id='word_1_166' title='bbox 1568 1585 1723 1645; x_wconf 88' lang='lat' dir='ltr'><strong>illam</strong></span> <span class='ocrx_word' id='word_1_167' title='bbox 1754 1584 2024 1664; x_wconf 71' lang='lat' dir='ltr'><strong>quaerenti</strong></span> <span class='ocrx_word' id='word_1_168' title='bbox 2047 1580 2237 1640; x_wconf 77' lang='lat' dir='ltr'><strong>faveat</strong></span> <span class='ocrx_word' id='word_1_169' title='bbox 2254 1578 2288 1640; x_wconf 70' lang='lat'><strong>1³</strong></span> 
     </span>
     <span class='ocr_line' id='line_1_19' title="bbox 306 1657 2293 1744; baseline -0.002 -21"><span class='ocrx_word' id='word_1_170' title='bbox 306 1664 487 1744; x_wconf 72' lang='lat' dir='ltr'><strong>Atqui</strong></span> <span class='ocrx_word' id='word_1_171' title='bbox 521 1664 656 1724; x_wconf 87' lang='lat' dir='ltr'><strong>talis</strong></span> <span class='ocrx_word' id='word_1_172' title='bbox 692 1678 777 1726; x_wconf 89' lang='lat' dir='ltr'><strong>est</strong></span> <span class='ocrx_word' id='word_1_173' title='bbox 811 1666 868 1725; x_wconf 94' lang='lat' dir='ltr'><strong>in</strong></span> <span class='ocrx_word' id='word_1_174' title='bbox 927 1667 1102 1725; x_wconf 87' lang='lat' dir='ltr'><strong>hocce</strong></span> <span class='ocrx_word' id='word_1_175' title='bbox 1138 1664 1266 1724; x_wconf 90' lang='lat' dir='ltr'><strong>loco</strong></span> <span class='ocrx_word' id='word_1_176' title='bbox 1305 1683 1423 1724; x_wconf 83' lang='lat' dir='ltr'><strong>vox</strong></span> <span class='ocrx_word' id='word_1_177' title='bbox 1462 1678 1656 1741; x_wconf 79' lang='lat' dir='ltr'><strong>parte.</strong></span> <span class='ocrx_word' id='word_1_178' title='bbox 1708 1662 2050 1736; x_wconf 81' lang='lat' dir='ltr'><strong>Enimvero,</strong></span> <span class='ocrx_word' id='word_1_179' title='bbox 2092 1657 2293 1720; x_wconf 82' lang='lat' dir='ltr'><strong>eadem</strong></span> 
     </span>
     <span class='ocr_line' id='line_1_20' title="bbox 307 1737 2292 1823; baseline -0.002 -22"><span class='ocrx_word' id='word_1_180' title='bbox 307 1761 414 1802; x_wconf 89' lang='lat' dir='ltr'><strong>nec</strong></span> <span class='ocrx_word' id='word_1_181' title='bbox 455 1743 717 1817; x_wconf 83' lang='lat' dir='ltr'><strong>tolerari,</strong></span> <span class='ocrx_word' id='word_1_182' title='bbox 750 1755 816 1804; x_wconf 91' lang='lat' dir='ltr'><strong>ut</strong></span> <span class='ocrx_word' id='word_1_183' title='bbox 846 1744 1202 1816; x_wconf 84' lang='lat' dir='ltr'><strong>monuimus,</strong></span> <span class='ocrx_word' id='word_1_184' title='bbox 1237 1756 1455 1821; x_wconf 72' lang='lat' dir='ltr'><strong>pptest,</strong></span> <span class='ocrx_word' id='word_1_185' title='bbox 1494 1757 1583 1816; x_wconf 87' lang='lat' dir='ltr'><strong>et,</strong></span> <span class='ocrx_word' id='word_1_186' title='bbox 1623 1741 1780 1823; x_wconf 86' lang='lat' dir='ltr'><strong>quod</strong></span> <span class='ocrx_word' id='word_1_187' title='bbox 1813 1737 2110 1800; x_wconf 88' lang='lat' dir='ltr'><strong>commode</strong></span> <span class='ocrx_word' id='word_1_188' title='bbox 2149 1739 2292 1798; x_wconf 87' lang='lat' dir='ltr'><strong>sub-</strong></span> 
     </span>
     <span class='ocr_line' id='line_1_21' title="bbox 304 1815 2295 1901; baseline -0.001 -21"><span class='ocrx_word' id='word_1_189' title='bbox 304 1822 570 1880; x_wconf 82' lang='lat' dir='ltr'><strong>stituatur</strong></span> <span class='ocrx_word' id='word_1_190' title='bbox 591 1864 610 1897; x_wconf 89' lang='lat'><strong>,</strong></span> <span class='ocrx_word' id='word_1_191' title='bbox 653 1822 805 1882; x_wconf 86' lang='lat' dir='ltr'><strong>aliud</strong></span> <span class='ocrx_word' id='word_1_192' title='bbox 862 1844 975 1881; x_wconf 93' lang='lat' dir='ltr'><strong>non</strong></span> <span class='ocrx_word' id='word_1_193' title='bbox 1010 1823 1227 1901; x_wconf 85' lang='lat' dir='ltr'><strong>reperio</strong></span> <span class='ocrx_word' id='word_1_194' title='bbox 1269 1821 1371 1880; x_wconf 92' lang='lat' dir='ltr'><strong>nisi</strong></span> <span class='ocrx_word' id='word_1_195' title='bbox 1420 1828 1589 1884; x_wconf 76' lang='grc' dir='ltr'><em>ηανίε</em></span> <span class='ocrx_word' id='word_1_196' title='bbox 1645 1841 1743 1882; x_wconf 77' lang='lat' dir='ltr'><strong>aut</strong></span> <span class='ocrx_word' id='word_1_197' title='bbox 1797 1822 2016 1898; x_wconf 80' lang='lat' dir='ltr'><strong>puppis</strong></span> <span class='ocrx_word' id='word_1_198' title='bbox 2041 1859 2060 1893; x_wconf 87' lang='lat'><strong>,</strong></span> <span class='ocrx_word' id='word_1_199' title='bbox 2113 1815 2295 1879; x_wconf 73' lang='lat' dir='ltr'><strong>forma</strong></span> 
     </span>
     <span class='ocr_line' id='line_1_22' title="bbox 299 1897 2300 2037; baseline -0.001 -80"><span class='ocrx_word' id='word_1_200' title='bbox 299 1899 536 2037; x_wconf 57' lang='lat' dir='ltr'><strong>propius</strong></span> <span class='ocrx_word' id='word_1_201' title='bbox 571 1900 836 1966; x_wconf 86' lang='lat' dir='ltr'><strong>accedens</strong></span> <span class='ocrx_word' id='word_1_202' title='bbox 874 1899 946 1960; x_wconf 88' lang='lat' dir='ltr'><strong>ad</strong></span> <span class='ocrx_word' id='word_1_203' title='bbox 975 1916 1178 1976; x_wconf 84' lang='lat' dir='ltr'><strong>parte,</strong></span> <span class='ocrx_word' id='word_1_204' title='bbox 1217 1913 1275 1959; x_wconf 90' lang='lat' dir='ltr'><strong>et</strong></span> <span class='ocrx_word' id='word_1_205' title='bbox 1315 1902 1494 1993; x_wconf 82' lang='lat' dir='ltr'><strong>poetis</strong></span> <span class='ocrx_word' id='word_1_206' title='bbox 1533 1897 1955 1962; x_wconf 72' lang='lat' dir='ltr'><strong>usitatissimumv</strong></span> <span class='ocrx_word' id='word_1_207' title='bbox 1981 1915 2085 1975; x_wconf 89' lang='lat' dir='ltr'><strong>pro</strong></span> <span class='ocrx_word' id='word_1_208' title='bbox 2129 1909 2300 1955; x_wconf 55' lang='lat' dir='ltr'><strong>n‘a‘vee</strong></span> 
     </span>
    </p>

    <p class='ocr_par' dir='ltr' id='par_1_4' title="bbox 238 1976 2297 3131">
     <span class='ocr_line' id='line_1_23' title="bbox 355 1976 2297 2058; baseline -0.001 -23"><span class='ocrx_word' id='word_1_209' title='bbox 355 1980 610 2056; x_wconf 85' lang='lat' dir='ltr'><strong>ingamus</strong></span> <span class='ocrx_word' id='word_1_210' title='bbox 650 1981 796 2040; x_wconf 89' lang='lat' dir='ltr'><strong>enim</strong></span> <span class='ocrx_word' id='word_1_211' title='bbox 815 2022 834 2055; x_wconf 90' lang='lat'><strong>,</strong></span> <span class='ocrx_word' id='word_1_212' title='bbox 875 1995 1103 2058; x_wconf 87' lang='lat' dir='ltr'><strong>poetam</strong></span> <span class='ocrx_word' id='word_1_213' title='bbox 1141 1979 1415 2051; x_wconf 74' lang='lat' dir='ltr'><strong>scripsisse</strong></span> <span class='ocrx_word' id='word_1_214' title='bbox 1447 1978 1645 2041; x_wconf 72' lang='lat' dir='ltr'><strong>latera</strong></span> <span class='ocrx_word' id='word_1_215' title='bbox 1746 1998 1819 2037; x_wconf 81' lang='lat' dir='ltr'><strong>ue</strong></span> <span class='ocrx_word' id='word_1_216' title='bbox 1854 1994 1896 2036; x_wconf 84' lang='lat' dir='ltr'><em>a</em></span> <span class='ocrx_word' id='word_1_217' title='bbox 1926 1995 2122 2056; x_wconf 84' lang='lat' dir='ltr'><strong>puppe</strong></span> <span class='ocrx_word' id='word_1_218' title='bbox 2147 1976 2297 2035; x_wconf 86' lang='lat' dir='ltr'><strong>duo-</strong></span> 
     </span>
     <span class='ocr_line' id='line_1_24' title="bbox 306 2055 2294 2137; baseline -0.001 -22"><span class='ocrx_word' id='word_1_219' title='bbox 306 2076 439 2115; x_wconf 84' lang='lat' dir='ltr'><strong>rum</strong></span> <span class='ocrx_word' id='word_1_220' title='bbox 457 2098 474 2128; x_wconf 89' lang='lat'><strong>,</strong></span> <span class='ocrx_word' id='word_1_221' title='bbox 519 2057 773 2118; x_wconf 76' lang='lat' dir='ltr'><strong>fateberis</strong></span> <span class='ocrx_word' id='word_1_222' title='bbox 790 2101 808 2133; x_wconf 89' lang='lat'><strong>‚</strong></span> <span class='ocrx_word' id='word_1_223' title='bbox 850 2056 967 2137; x_wconf 85' lang='lat' dir='ltr'><strong>jam</strong></span> <span class='ocrx_word' id='word_1_224' title='bbox 1000 2058 1142 2118; x_wconf 90' lang='lat' dir='ltr'><strong>nihil</strong></span> <span class='ocrx_word' id='word_1_225' title='bbox 1181 2055 1500 2129; x_wconf 87' lang='lat' dir='ltr'><strong>offendere,</strong></span> <span class='ocrx_word' id='word_1_226' title='bbox 1537 2057 1636 2118; x_wconf 85' lang='lat' dir='ltr'><strong>nisi</strong></span> <span class='ocrx_word' id='word_1_227' title='bbox 1679 2078 1717 2134; x_wconf 93' lang='lat' dir='ltr'><strong>p</strong></span> <span class='ocrx_word' id='word_1_228' title='bbox 1765 2075 1945 2115; x_wconf 85' lang='lat' dir='ltr'><strong>raseos</strong></span> <span class='ocrx_word' id='word_1_229' title='bbox 1983 2068 2294 2134; x_wconf 72' lang='lat' dir='ltr'><strong>construe-5</strong></span> 
     </span>
     <span class='ocr_line' id='line_1_25' title="bbox 308 2126 2294 2214; baseline -0.003 -20"><span class='ocrx_word' id='word_1_230' title='bbox 308 2135 518 2194; x_wconf 86' lang='lat' dir='ltr'><strong>tionem</strong></span> <span class='ocrx_word' id='word_1_231' title='bbox 532 2126 560 2209; x_wconf 65' lang='lat'><strong>,⁸</strong></span> <span class='ocrx_word' id='word_1_232' title='bbox 589 2147 691 2214; x_wconf 86' lang='lat' dir='ltr'><strong>pro</strong></span> <span class='ocrx_word' id='word_1_233' title='bbox 725 2153 906 2214; x_wconf 80' lang='lat' dir='ltr'><strong>parce</strong></span> <span class='ocrx_word' id='word_1_234' title='bbox 945 2150 1137 2194; x_wconf 88' lang='lat' dir='ltr'><strong>autem</strong></span> <span class='ocrx_word' id='word_1_235' title='bbox 1172 2153 1285 2191; x_wconf 86' lang='lat' dir='ltr'><strong>esse</strong></span> <span class='ocrx_word' id='word_1_236' title='bbox 1317 2131 1377 2190; x_wconf 89' lang='lat' dir='ltr'><strong>id</strong></span> <span class='ocrx_word' id='word_1_237' title='bbox 1406 2134 1810 2204; x_wconf 82' lang='lat' dir='ltr'><strong>substitutum,</strong></span> <span class='ocrx_word' id='word_1_238' title='bbox 1854 2133 2014 2209; x_wconf 90' lang='lat' dir='ltr'><strong>quod</strong></span> <span class='ocrx_word' id='word_1_239' title='bbox 2054 2130 2294 2191; x_wconf 87' lang='lat' dir='ltr'><strong>mirifice</strong></span> 
     </span>
     <span class='ocr_line' id='line_1_26' title="bbox 305 2210 2294 2291; baseline -0.002 -20"><span class='ocrx_word' id='word_1_240' title='bbox 305 2227 583 2291; x_wconf 84' lang='lat' dir='ltr'><strong>congruat</strong></span> <span class='ocrx_word' id='word_1_241' title='bbox 637 2218 715 2273; x_wconf 89' lang='lat' dir='ltr'><strong>rei</strong></span> <span class='ocrx_word' id='word_1_242' title='bbox 762 2211 1156 2272; x_wconf 79' lang='lat' dir='ltr'><strong>describendae.</strong></span> <span class='ocrx_word' id='word_1_243' title='bbox 1205 2210 1441 2269; x_wconf 79' lang='lat' dir='ltr'><strong>Sensum</strong></span> <span class='ocrx_word' id='word_1_244' title='bbox 1470 2219 1674 2287; x_wconf 77' lang='lat' dir='ltr'><strong>‘porro</strong></span> <span class='ocrx_word' id='word_1_245' title='bbox 1719 2210 1896 2269; x_wconf 87' lang='lat' dir='ltr'><strong>habes</strong></span> <span class='ocrx_word' id='word_1_246' title='bbox 1941 2230 2054 2269; x_wconf 92' lang='lat' dir='ltr'><strong>non</strong></span> <span class='ocrx_word' id='word_1_247' title='bbox 2111 2210 2294 2269; x_wconf 85' lang='lat' dir='ltr'><strong>minus</strong></span> 
     </span>
     <span class='ocr_line' id='line_1_27' title="bbox 238 2286 2294 2370; baseline -0 -23"><span class='ocrx_word' id='word_1_248' title='bbox 238 2345 255 2354; x_wconf 70' lang='grc'><em>,</em></span> <span class='ocrx_word' id='word_1_249' title='bbox 306 2304 610 2367; x_wconf 80' lang='lat' dir='ltr'><strong>apertum,</strong></span> <span class='ocrx_word' id='word_1_250' title='bbox 667 2310 840 2370; x_wconf 89' lang='lat' dir='ltr'><strong>quam</strong></span> <span class='ocrx_word' id='word_1_251' title='bbox 892 2301 1157 2347; x_wconf 85' lang='lat' dir='ltr'><strong>manente</strong></span> <span class='ocrx_word' id='word_1_252' title='bbox 1187 2302 1398 2363; x_wconf 83' lang='lat' dir='ltr'><strong>parte,</strong></span> <span class='ocrx_word' id='word_1_253' title='bbox 1440 2286 1700 2347; x_wconf 87' lang='lat' dir='ltr'><strong>videlicet</strong></span> <span class='ocrx_word' id='word_1_254' title='bbox 1744 2307 1759 2346; x_wconf 91' lang='lat'>:</span> <span class='ocrx_word' id='word_1_255' title='bbox 1802 2286 1977 2348; x_wconf 86' lang='lat' dir='ltr'><strong>amnis</strong></span> <span class='ocrx_word' id='word_1_256' title='bbox 2010 2307 2045 2346; x_wconf 85' lang='lat' dir='ltr'><strong>a</strong></span> <span class='ocrx_word' id='word_1_257' title='bbox 2099 2306 2294 2368; x_wconf 88' lang='lat' dir='ltr'><strong>puppe</strong></span> 
     </span>
     <span class='ocr_line' id='line_1_28' title="bbox 306 2365 2297 2445; baseline -0.001 -20"><span class='ocrx_word' id='word_1_258' title='bbox 306 2366 555 2425; x_wconf 84' lang='lat' dir='ltr'><strong>duorum</strong></span> <span class='ocrx_word' id='word_1_259' title='bbox 591 2367 828 2426; x_wconf 83' lang='lat' dir='ltr'><strong>laterum</strong></span> <span class='ocrx_word' id='word_1_260' title='bbox 864 2366 1104 2444; x_wconf 72' lang='lat' dir='ltr'><strong>aequales</strong></span> <span class='ocrx_word' id='word_1_261' title='bbox 1125 2365 1360 2425; x_wconf 85' lang='lat' dir='ltr'><strong>lacertos</strong></span> <span class='ocrx_word' id='word_1_262' title='bbox 1398 2367 1669 2445; x_wconf 82' lang='lat' dir='ltr'><strong>porrigit,</strong></span> <span class='ocrx_word' id='word_1_263' title='bbox 1699 2366 1736 2424; x_wconf 83' lang='lat' dir='ltr'><strong>i.</strong></span> <span class='ocrx_word' id='word_1_264' title='bbox 1758 2384 1810 2425; x_wconf 89' lang='lat' dir='ltr'><strong>e.</strong></span> <span class='ocrx_word' id='word_1_265' title='bbox 1849 2365 2079 2425; x_wconf 75' lang='lat' dir='ltr'><strong>brachia</strong></span> <span class='ocrx_word' id='word_1_266' title='bbox 2114 2365 2297 2426; x_wconf 72' lang='lat' dir='ltr'><strong>amnis</strong></span> 
     </span>
     <span class='ocr_line' id='line_1_29' title="bbox 306 2442 2293 2523; baseline -0.001 -18"><span class='ocrx_word' id='word_1_267' title='bbox 306 2444 386 2503; x_wconf 82' lang='lat' dir='ltr'><strong>ab</strong></span> <span class='ocrx_word' id='word_1_268' title='bbox 426 2456 668 2523; x_wconf 84' lang='lat' dir='ltr'><strong>utroque</strong></span> <span class='ocrx_word' id='word_1_269' title='bbox 706 2448 878 2505; x_wconf 87' lang='lat' dir='ltr'><strong>latere</strong></span> <span class='ocrx_word' id='word_1_270' title='bbox 915 2443 1146 2522; x_wconf 85' lang='lat' dir='ltr'><strong>aequalia</strong></span> <span class='ocrx_word' id='word_1_271' title='bbox 1190 2460 1351 2521; x_wconf 75' lang='lat' dir='ltr'><strong>sunt3</strong></span> <span class='ocrx_word' id='word_1_272' title='bbox 1406 2444 1559 2504; x_wconf 91' lang='lat' dir='ltr'><strong>unde</strong></span> <span class='ocrx_word' id='word_1_273' title='bbox 1599 2444 1808 2522; x_wconf 88' lang='lat' dir='ltr'><strong>pendet</strong></span> <span class='ocrx_word' id='word_1_274' title='bbox 1846 2442 2134 2506; x_wconf 83' lang='lat' dir='ltr'><strong>Plutarchi</strong></span> <span class='ocrx_word' id='word_1_275' title='bbox 2183 2446 2293 2504; x_wconf 90' lang='lat' dir='ltr'><strong>in·-</strong></span> 
     </span>
     <span class='ocr_line' id='line_1_30' title="bbox 309 2519 2292 2601; baseline 0.004 -20"><span class='ocrx_word' id='word_1_276' title='bbox 309 2523 443 2582; x_wconf 74' lang='lat' dir='ltr'><strong>sulae</strong></span> <span class='ocrx_word' id='word_1_277' title='bbox 483 2524 771 2599; x_wconf 86' lang='lat' dir='ltr'><strong>epitheton</strong></span> <span class='ocrx_word' id='word_1_278' title='bbox 804 2519 1237 2601; x_wconf 59' lang='grc' dir='ltr'><strong>Ῑιιισοποταμά,</strong></span> <span class='ocrx_word' id='word_1_279' title='bbox 1284 2538 1338 2582; x_wconf 87' lang='lat' dir='ltr'><strong>et</strong></span> <span class='ocrx_word' id='word_1_280' title='bbox 1401 2523 1602 2584; x_wconf 86' lang='lat' dir='ltr'><strong>Ovidii</strong></span> <span class='ocrx_word' id='word_1_281' title='bbox 1656 2524 1852 2586; x_wconf 79' lang='lat' dir='ltr'><strong>media</strong></span> <span class='ocrx_word' id='word_1_282' title='bbox 1900 2521 2129 2584; x_wconf 79' lang='lat' dir='ltr'><strong>tellure.</strong></span> <span class='ocrx_word' id='word_1_283' title='bbox 2175 2520 2292 2588; x_wconf 72' lang='lat' dir='ltr'><strong>Sed</strong></span> 
     </span>
     <span class='ocr_line' id='line_1_31' title="bbox 307 2601 2292 2679; baseline 0.001 -20"><span class='ocrx_word' id='word_1_284' title='bbox 307 2601 365 2659; x_wconf 91' lang='lat' dir='ltr'><strong>in</strong></span> <span class='ocrx_word' id='word_1_285' title='bbox 398 2602 883 2665; x_wconf 82' lang='lat' dir='ltr'><strong>sensumanifesto</strong></span> <span class='ocrx_word' id='word_1_286' title='bbox 907 2605 1143 2665; x_wconf 86' lang='lat' dir='ltr'><strong>insolens</strong></span> <span class='ocrx_word' id='word_1_287' title='bbox 1160 2616 1352 2664; x_wconf 86' lang='lat' dir='ltr'><strong>manet</strong></span> <span class='ocrx_word' id='word_1_288' title='bbox 1384 2601 1592 2679; x_wconf 79' lang='lat' dir='ltr'><strong>dictio3</strong></span> <span class='ocrx_word' id='word_1_289' title='bbox 1618 2623 1723 2679; x_wconf 86' lang='lat' dir='ltr'><strong>par</strong></span> <span class='ocrx_word' id='word_1_290' title='bbox 1743 2602 1893 2663; x_wconf 89' lang='lat' dir='ltr'><strong>enim</strong></span> <span class='ocrx_word' id='word_1_291' title='bbox 1922 2616 2040 2663; x_wconf 89' lang='lat' dir='ltr'><strong>erat</strong></span> <span class='ocrx_word' id='word_1_292' title='bbox 2068 2602 2253 2670; x_wconf 79' lang='lat' dir='ltr'><strong>dicere</strong></span> <span class='ocrx_word' id='word_1_293' title='bbox 2272 2621 2292 2661; x_wconf 72' lang='grc' dir='ltr'><strong>ε</strong></span> 
     </span>
     <span class='ocr_line' id='line_1_32' title="bbox 274 2680 2295 2761; baseline 0 -23"><span class='ocrx_word' id='word_1_294' title='bbox 274 2680 488 2738; x_wconf 65' lang='lat' dir='ltr'><strong>*amnis</strong></span> <span class='ocrx_word' id='word_1_295' title='bbox 533 2701 566 2740; x_wconf 87' lang='lat' dir='ltr'><strong>a</strong></span> <span class='ocrx_word' id='word_1_296' title='bbox 619 2681 842 2742; x_wconf 88' lang='lat' dir='ltr'><strong>duobus</strong></span> <span class='ocrx_word' id='word_1_297' title='bbox 885 2683 1148 2744; x_wconf 86' lang='lat' dir='ltr'><strong>lateribus</strong></span> <span class='ocrx_word' id='word_1_298' title='bbox 1198 2683 1404 2760; x_wconf 86' lang='lat' dir='ltr'><strong>puppis</strong></span> <span class='ocrx_word' id='word_1_299' title='bbox 1452 2682 1685 2760; x_wconf 83' lang='lat' dir='ltr'><strong>porrigit</strong></span> <span class='ocrx_word' id='word_1_300' title='bbox 1727 2681 1971 2761; x_wconf 78' lang='lat' dir='ltr'><strong>aequales</strong></span> <span class='ocrx_word' id='word_1_301' title='bbox 2025 2683 2295 2756; x_wconf 76' lang='lat' dir='ltr'><strong>lacertos,</strong></span> 
     </span>
     <span class='ocr_line' id='line_1_33' title="bbox 306 2759 2292 2841; baseline 0.002 -25"><span class='ocrx_word' id='word_1_302' title='bbox 306 2765 420 2816; x_wconf 86' lang='lat' dir='ltr'><strong>no&#39;n</strong></span> <span class='ocrx_word' id='word_1_303' title='bbox 463 2776 480 2815; x_wconf 74' lang='grc' dir='ltr'><strong><em>ε</em></strong></span> <span class='ocrx_word' id='word_1_304' title='bbox 515 2779 551 2820; x_wconf 88' lang='lat' dir='ltr'><strong>a</strong></span> <span class='ocrx_word' id='word_1_305' title='bbox 577 2780 773 2839; x_wconf 85' lang='lat' dir='ltr'><strong>puppe</strong></span> <span class='ocrx_word' id='word_1_306' title='bbox 814 2762 1059 2823; x_wconf 90' lang='lat' dir='ltr'><strong>duorum</strong></span> <span class='ocrx_word' id='word_1_307' title='bbox 1100 2762 1362 2822; x_wconf 87' lang='lat' dir='ltr'><strong>laterum.</strong></span> <span class='ocrx_word' id='word_1_308' title='bbox 1402 2759 1563 2834; x_wconf 89' lang='lat' dir='ltr'><strong>Quid</strong></span> <span class='ocrx_word' id='word_1_309' title='bbox 1594 2761 1765 2834; x_wconf 81' lang='lat' dir='ltr'><strong>hinc,</strong></span> <span class='ocrx_word' id='word_1_310' title='bbox 1804 2760 1907 2819; x_wconf 87' lang='lat' dir='ltr'><strong>uisi</strong></span> <span class='ocrx_word' id='word_1_311' title='bbox 1946 2760 2292 2841; x_wconf 77' lang='lat' dir='ltr'><strong>hypallagen</strong></span> 
     </span>
     <span class='ocr_line' id='line_1_34' title="bbox 307 2837 2293 2919; baseline 0.001 -24"><span class='ocrx_word' id='word_1_312' title='bbox 307 2855 423 2895; x_wconf 84' lang='lat' dir='ltr'><strong>esse</strong></span> <span class='ocrx_word' id='word_1_313' title='bbox 444 2875 463 2907; x_wconf 78' lang='lat'><strong>,</strong></span> <span class='ocrx_word' id='word_1_314' title='bbox 498 2839 728 2917; x_wconf 83' lang='lat' dir='ltr'><strong>qualem</strong></span> <span class='ocrx_word' id='word_1_315' title='bbox 756 2860 925 2919; x_wconf 87' lang='lat' dir='ltr'><strong>supra</strong></span> <span class='ocrx_word' id='word_1_316' title='bbox 963 2838 1237 2916; x_wconf 83' lang='lat' dir='ltr'><strong>vidimus,</strong></span> <span class='ocrx_word' id='word_1_317' title='bbox 1275 2849 1500 2917; x_wconf 87' lang='lat' dir='ltr'><strong>poetam</strong></span> <span class='ocrx_word' id='word_1_318' title='bbox 1546 2858 1614 2898; x_wconf 90' lang='lat' dir='ltr'><strong>ue</strong></span> <span class='ocrx_word' id='word_1_319' title='bbox 1645 2839 1721 2897; x_wconf 92' lang='lat' dir='ltr'><strong>ob</strong></span> <span class='ocrx_word' id='word_1_320' title='bbox 1758 2837 1997 2900; x_wconf 88' lang='lat' dir='ltr'><strong>eandem</strong></span> <span class='ocrx_word' id='word_1_321' title='bbox 2033 2857 2293 2910; x_wconf 84' lang='lat' dir='ltr'><strong>causam,</strong></span> 
     </span>
     <span class='ocr_line' id='line_1_35' title="bbox 311 2915 2294 2997; baseline 0.002 -27"><span class='ocrx_word' id='word_1_322' title='bbox 311 2915 443 2990; x_wconf 81' lang='lat' dir='ltr'><strong>quia</strong></span> <span class='ocrx_word' id='word_1_323' title='bbox 473 2934 662 2977; x_wconf 85' lang='lat' dir='ltr'><strong>versus</strong></span> <span class='ocrx_word' id='word_1_324' title='bbox 683 2919 799 2977; x_wconf 89' lang='lat' dir='ltr'><strong>hoc</strong></span> <span class='ocrx_word' id='word_1_325' title='bbox 823 2940 936 2978; x_wconf 91' lang='lat' dir='ltr'><strong>non</strong></span> <span class='ocrx_word' id='word_1_326' title='bbox 960 2917 1267 2996; x_wconf 85' lang='lat' dir='ltr'><strong>reciperet,</strong></span> <span class='ocrx_word' id='word_1_327' title='bbox 1297 2937 1400 2995; x_wconf 87' lang='lat' dir='ltr'><strong>pro</strong></span> <span class='ocrx_word' id='word_1_328' title='bbox 1422 2935 1463 2975; x_wconf 86' lang='grc' dir='ltr'><em>α</em></span> <span class='ocrx_word' id='word_1_329' title='bbox 1578 2917 1730 2977; x_wconf 81' lang='lat' dir='ltr'><strong>obus</strong></span> <span class='ocrx_word' id='word_1_330' title='bbox 1759 2915 2047 2977; x_wconf 81' lang='lat' dir='ltr'><strong>lateribus</strong></span> <span class='ocrx_word' id='word_1_331' title='bbox 2073 2919 2294 2997; x_wconf 79' lang='lat' dir='ltr'><strong>puppis</strong></span> 
     </span>
     <span class='ocr_line' id='line_1_36' title="bbox 308 2993 1682 3131; baseline 0 -77"><span class='ocrx_word' id='word_1_332' title='bbox 308 2993 582 3131; x_wconf 49' lang='lat' dir='ltr'><strong>miffsisse</strong></span> <span class='ocrx_word' id='word_1_333' title='bbox 617 3014 661 3055; x_wconf 85' lang='lat' dir='ltr'><em>a</em></span> <span class='ocrx_word' id='word_1_334' title='bbox 700 3018 898 3077; x_wconf 85' lang='lat' dir='ltr'><strong>puppe</strong></span> <span class='ocrx_word' id='word_1_335' title='bbox 941 3000 1204 3057; x_wconf 28' lang='lat' dir='ltr'><strong>duorum*</strong></span> <span class='ocrx_word' id='word_1_336' title='bbox 1222 2995 1527 3058; x_wconf 77' lang='lat' dir='ltr'><strong>laterum?</strong></span> <span class='ocrx_word' id='word_1_337' title='bbox 1679 3049 1682 3054; x_wconf 81' lang='grc'>.</span> 
     </span>
    </p>

    <p class='ocr_par' dir='ltr' id='par_1_5' title="bbox 258 3072 2352 4023">
     <span class='ocr_line' id='line_1_37' title="bbox 310 3072 2289 3137; baseline 0.002 -6"><span class='ocrx_word' id='word_1_338' title='bbox 310 3111 317 3118; x_wconf 83' lang='lat'>-</span> <span class='ocrx_word' id='word_1_339' title='bbox 448 3072 579 3133; x_wconf 85' lang='lat' dir='ltr'><strong>abes</strong></span> <span class='ocrx_word' id='word_1_340' title='bbox 618 3073 808 3135; x_wconf 90' lang='lat' dir='ltr'><strong>locum</strong></span> <span class='ocrx_word' id='word_1_341' title='bbox 846 3098 881 3135; x_wconf 87' lang='lat' dir='ltr'><strong>a</strong></span> <span class='ocrx_word' id='word_1_342' title='bbox 916 3076 1089 3137; x_wconf 87' lang='lat' dir='ltr'><strong>critici</strong></span> <span class='ocrx_word' id='word_1_343' title='bbox 1124 3075 1439 3137; x_wconf 87' lang='lat' dir='ltr'><strong>incredibili</strong></span> <span class='ocrx_word' id='word_1_344' title='bbox 1477 3076 1786 3137; x_wconf 84' lang='lat' dir='ltr'><strong>mutatione</strong></span> <span class='ocrx_word' id='word_1_345' title='bbox 1815 3075 1947 3137; x_wconf 80' lang='lat' dir='ltr'><strong>satis</strong></span> <span class='ocrx_word' id='word_1_346' title='bbox 1976 3073 2289 3136; x_wconf 82' lang='lat' dir='ltr'><strong>defensum.</strong></span> 
     </span>
     <span class='ocr_line' id='line_1_38' title="bbox 307 3147 2292 3231; baseline 0.002 -23"><span class='ocrx_word' id='word_1_347' title='bbox 307 3147 457 3208; x_wconf 79' lang='lat' dir='ltr'><strong>Nam</strong></span> <span class='ocrx_word' id='word_1_348' title='bbox 495 3153 653 3231; x_wconf 85' lang='lat' dir='ltr'><strong>quod</strong></span> <span class='ocrx_word' id='word_1_349' title='bbox 679 3153 773 3213; x_wconf 85' lang='lat' dir='ltr'><strong>ille</strong></span> <span class='ocrx_word' id='word_1_350' title='bbox 811 3153 1119 3215; x_wconf 85' lang='lat' dir='ltr'><strong>absurdum</strong></span> <span class='ocrx_word' id='word_1_351' title='bbox 1153 3155 1290 3216; x_wconf 89' lang='lat' dir='ltr'><strong>dicit</strong></span> <span class='ocrx_word' id='word_1_352' title='bbox 1316 3154 1522 3215; x_wconf 80' lang='lat' dir='ltr'><strong>insula</strong></span> <span class='ocrx_word' id='word_1_353' title='bbox 1557 3175 1768 3216; x_wconf 83' lang='lat' dir='ltr'><strong>nomen</strong></span> <span class='ocrx_word' id='word_1_354' title='bbox 1804 3153 2016 3227; x_wconf 80' lang='lat' dir='ltr'><strong>habet,</strong></span> <span class='ocrx_word' id='word_1_355' title='bbox 2055 3153 2164 3215; x_wconf 77' lang='lat' dir='ltr'><strong>nisi</strong></span> <span class='ocrx_word' id='word_1_356' title='bbox 2194 3151 2292 3214; x_wconf 89' lang='lat' dir='ltr'><strong>ad·</strong></span> 
     </span>
     <span class='ocr_line' id='line_1_39' title="bbox 311 3224 2290 3311; baseline 0.005 -27"><span class='ocrx_word' id='word_1_357' title='bbox 311 3224 480 3286; x_wconf 81' lang='lat' dir='ltr'><strong>datur</strong></span> <span class='ocrx_word' id='word_1_358' title='bbox 502 3271 521 3305; x_wconf 86' lang='lat'><strong>,</strong></span> <span class='ocrx_word' id='word_1_359' title='bbox 560 3232 710 3291; x_wconf 89' lang='lat' dir='ltr'><strong>unde</strong></span> <span class='ocrx_word' id='word_1_360' title='bbox 742 3234 949 3293; x_wconf 81' lang='lat' dir='ltr'><strong>habeat</strong></span> <span class='ocrx_word' id='word_1_361' title='bbox 971 3275 989 3309; x_wconf 89' lang='lat'><strong>,</strong></span> <span class='ocrx_word' id='word_1_362' title='bbox 1023 3252 1136 3294; x_wconf 89' lang='lat' dir='ltr'><strong>non</strong></span> <span class='ocrx_word' id='word_1_363' title='bbox 1180 3233 1321 3294; x_wconf 87' lang='lat' dir='ltr'><strong>tanti</strong></span> <span class='ocrx_word' id='word_1_364' title='bbox 1364 3249 1465 3295; x_wconf 86' lang='lat' dir='ltr'><strong>est.</strong></span> <span class='ocrx_word' id='word_1_365' title='bbox 1488 3232 1649 3309; x_wconf 86' lang='lat' dir='ltr'><strong>Quid</strong></span> <span class='ocrx_word' id='word_1_366' title='bbox 1683 3233 1836 3294; x_wconf 79' lang='lat' dir='ltr'><strong>enirn</strong></span> <span class='ocrx_word' id='word_1_367' title='bbox 1868 3232 2047 3292; x_wconf 85' lang='lat' dir='ltr'><strong>voluit</strong></span> <span class='ocrx_word' id='word_1_368' title='bbox 2070 3247 2236 3311; x_wconf 75' lang='lat' dir='ltr'><strong>poeta</strong></span> <span class='ocrx_word' id='word_1_369' title='bbox 2256 3228 2290 3294; x_wconf 68' lang='grc' dir='ltr'><em>ἓ</em></span> 
     </span>
     <span class='ocr_line' id='line_1_40' title="bbox 308 3304 2352 3398; baseline 0.005 -36"><span class='ocrx_word' id='word_1_370' title='bbox 308 3304 467 3398; x_wconf 60' lang='lat' dir='ltr'><strong>1551:ss</strong></span> <span class='ocrx_word' id='word_1_371' title='bbox 504 3309 684 3382; x_wconf 89' lang='lat' dir='ltr'><strong>aliud,</strong></span> <span class='ocrx_word' id='word_1_372' title='bbox 728 3312 830 3372; x_wconf 89' lang='lat' dir='ltr'><strong>nisi</strong></span> <span class='ocrx_word' id='word_1_373' title='bbox 856 3313 1047 3372; x_wconf 88' lang='lat' dir='ltr'><strong>locum</strong></span> <span class='ocrx_word' id='word_1_374' title='bbox 1085 3313 1319 3373; x_wconf 85' lang='lat' dir='ltr'><strong>insulam</strong></span> <span class='ocrx_word' id='word_1_375' title='bbox 1361 3313 1686 3390; x_wconf 86' lang='lat' dir='ltr'><strong>simpliciter</strong></span> <span class='ocrx_word' id='word_1_376' title='bbox 1727 3311 2025 3392; x_wconf 64' lang='lat' dir='ltr'><strong>appellari,</strong></span> <span class='ocrx_word' id='word_1_377' title='bbox 2059 3325 2116 3371; x_wconf 88' lang='lat' dir='ltr'><strong>et</strong></span> <span class='ocrx_word' id='word_1_378' title='bbox 2153 3327 2290 3371; x_wconf 78' lang='lat' dir='ltr'><strong>vero</strong></span> <span class='ocrx_word' id='word_1_379' title='bbox 2343 3367 2352 3372; x_wconf 76' lang='grc'><strong>,</strong></span> 
     </span>
     <span class='ocr_line' id='line_1_41' title="bbox 306 3388 2292 3470; baseline 0.004 -27"><span class='ocrx_word' id='word_1_380' title='bbox 306 3403 386 3444; x_wconf 80' lang='lat' dir='ltr'><strong>sic</strong></span> <span class='ocrx_word' id='word_1_381' title='bbox 430 3388 776 3464; x_wconf 81' lang='lat' dir='ltr'><strong>appellatum</strong></span> <span class='ocrx_word' id='word_1_382' title='bbox 811 3410 961 3468; x_wconf 86' lang='lat' dir='ltr'><strong>esse,</strong></span> <span class='ocrx_word' id='word_1_383' title='bbox 1016 3394 1355 3470; x_wconf 86' lang='lat' dir='ltr'><strong>scriptorum</strong></span> <span class='ocrx_word' id='word_1_384' title='bbox 1401 3391 1723 3451; x_wconf 88' lang='lat' dir='ltr'><strong>testimoniis</strong></span> <span class='ocrx_word' id='word_1_385' title='bbox 1766 3403 2009 3454; x_wconf 85' lang='lat' dir='ltr'><strong>constat·</strong></span> <span class='ocrx_word' id='word_1_386' title='bbox 2053 3391 2292 3470; x_wconf 59' lang='lat' dir='ltr'><strong>Optima</strong></span> 
     </span>
     <span class='ocr_line' id='line_1_42' title="bbox 311 3463 2293 3545; baseline 0.001 -21"><span class='ocrx_word' id='word_1_387' title='bbox 311 3463 387 3524; x_wconf 86' lang='lat' dir='ltr'><strong>ad</strong></span> <span class='ocrx_word' id='word_1_388' title='bbox 429 3485 549 3525; x_wconf 86' lang='lat' dir='ltr'><strong>rem</strong></span> <span class='ocrx_word' id='word_1_389' title='bbox 581 3466 940 3530; x_wconf 76' lang='lat' dir='ltr'><strong>Livii-xxxiv</strong></span> <span class='ocrx_word' id='word_1_390' title='bbox 961 3468 1087 3545; x_wconf 60' lang='lat'><strong>,53</strong></span> <span class='ocrx_word' id='word_1_391' title='bbox 1107 3513 1124 3545; x_wconf 90' lang='lat'>‚</span> <span class='ocrx_word' id='word_1_392' title='bbox 1154 3470 1436 3533; x_wconf 78' lang='lat' dir='ltr'><strong>ininsula</strong></span> <span class='ocrx_word' id='word_1_393' title='bbox 1463 3471 1633 3536; x_wconf 65' lang='lat' dir='ltr'><strong>Iovis</strong></span> <span class='ocrx_word' id='word_1_394' title='bbox 1668 3472 1854 3530; x_wconf 80' lang='lat' dir='ltr'><strong>cedem</strong></span> <span class='ocrx_word' id='word_1_395' title='bbox 1898 3469 1963 3530; x_wconf 80' lang='lat' dir='ltr'><strong>G.</strong></span> <span class='ocrx_word' id='word_1_396' title='bbox 2005 3468 2293 3530; x_wconf 75' lang='lat' dir='ltr'><strong>Servilius</strong></span> 
     </span>
     <span class='ocr_line' id='line_1_43' title="bbox 268 3545 2287 3628; baseline 0.004 -27"><span class='ocrx_word' id='word_1_397' title='bbox 268 3545 585 3605; x_wconf 77' lang='lat' dir='ltr'><strong>.duumvir</strong></span> <span class='ocrx_word' id='word_1_398' title='bbox 639 3547 966 3610; x_wconf 51' lang='lat' dir='ltr'><strong>dedicavi&amp;</strong></span> <span class='ocrx_word' id='word_1_399' title='bbox 997 3551 1143 3609; x_wconf 82' lang='lat' dir='ltr'><strong>Nem</strong></span> <span class='ocrx_word' id='word_1_400' title='bbox 1230 3594 1247 3623; x_wconf 85' lang='lat'><strong>,</strong></span> <span class='ocrx_word' id='word_1_401' title='bbox 1286 3565 1351 3611; x_wconf 90' lang='lat' dir='ltr'><strong>ut</strong></span> <span class='ocrx_word' id='word_1_402' title='bbox 1381 3570 1509 3627; x_wconf 83' lang='lat' dir='ltr'><strong>pars</strong></span> <span class='ocrx_word' id='word_1_403' title='bbox 1539 3548 1801 3628; x_wconf 63' lang='lat' dir='ltr'><strong>quasdam</strong></span> <span class='ocrx_word' id='word_1_404' title='bbox 1837 3549 2287 3626; x_wconf 73' lang='lat' dir='ltr'><strong>Syracusarum,</strong></span> 
     </span>
     <span class='ocr_line' id='line_1_44' title="bbox 305 3622 2285 3709; baseline 0.003 -26"><span class='ocrx_word' id='word_1_405' title='bbox 305 3622 384 3683; x_wconf 68' lang='lat' dir='ltr'><strong>tic</strong></span> <span class='ocrx_word' id='word_1_406' title='bbox 444 3624 535 3686; x_wconf 87' lang='lat' dir='ltr'><strong>illa</strong></span> <span class='ocrx_word' id='word_1_407' title='bbox 591 3643 717 3702; x_wconf 87' lang='lat' dir='ltr'><strong>pars</strong></span> <span class='ocrx_word' id='word_1_408' title='bbox 768 3625 966 3685; x_wconf 81' lang='lat' dir='ltr'><strong>Romae</strong></span> <span class='ocrx_word' id='word_1_409' title='bbox 1017 3629 1138 3687; x_wconf 87' lang='lat' dir='ltr'><strong>insu</strong></span> <span class='ocrx_word' id='word_1_410' title='bbox 1164 3651 1193 3688; x_wconf 88' lang='lat' dir='ltr'><strong>a</strong></span> <span class='ocrx_word' id='word_1_411' title='bbox 1245 3629 1571 3709; x_wconf 84' lang='lat' dir='ltr'><strong>simpliciter</strong></span> <span class='ocrx_word' id='word_1_412' title='bbox 1626 3628 1801 3708; x_wconf 81' lang='lat' dir='ltr'><strong>vulgo</strong></span> <span class='ocrx_word' id='word_1_413' title='bbox 1855 3624 2285 3706; x_wconf 73' lang='lat' dir='ltr'><strong>adpellabatur‚</strong></span> 
     </span>
     <span class='ocr_line' id='line_1_45' title="bbox 302 3699 2287 3787; baseline 0.005 -25"><span class='ocrx_word' id='word_1_414' title='bbox 302 3704 569 3781; x_wconf 84' lang='lat' dir='ltr'><strong>quamvis</strong></span> <span class='ocrx_word' id='word_1_415' title='bbox 628 3703 827 3765; x_wconf 88' lang='lat' dir='ltr'><strong>eadem</strong></span> <span class='ocrx_word' id='word_1_416' title='bbox 881 3704 1185 3787; x_wconf 84' lang='lat' dir='ltr'><strong>AEsculapii</strong></span> <span class='ocrx_word' id='word_1_417' title='bbox 1220 3753 1238 3783; x_wconf 88' lang='lat'><strong>,</strong></span> <span class='ocrx_word' id='word_1_418' title='bbox 1297 3711 1389 3774; x_wconf 84' lang='lat' dir='ltr'><strong>cui</strong></span> <span class='ocrx_word' id='word_1_419' title='bbox 1417 3728 1590 3769; x_wconf 77' lang='lat' dir='ltr'><strong>-sacra</strong></span> <span class='ocrx_word' id='word_1_420' title='bbox 1642 3723 1762 3768; x_wconf 86' lang='lat' dir='ltr'><strong>erat</strong></span> <span class='ocrx_word' id='word_1_421' title='bbox 1792 3745 1812 3779; x_wconf 79' lang='lat'>‚</span> <span class='ocrx_word' id='word_1_422' title='bbox 1876 3704 2024 3764; x_wconf 62' lang='lat' dir='ltr'><strong>dicta</strong></span> <span class='ocrx_word' id='word_1_423' title='bbox 2076 3699 2287 3776; x_wconf 66' lang='lat' dir='ltr'><strong>(Suet-</strong></span> 
     </span>
     <span class='ocr_line' id='line_1_46' title="bbox 298 3778 2283 3865; baseline -0.001 -24"><span class='ocrx_word' id='word_1_424' title='bbox 298 3781 523 3842; x_wconf 76' lang='lat' dir='ltr'><strong>Claud.</strong></span> <span class='ocrx_word' id='word_1_425' title='bbox 569 3781 660 3843; x_wconf 82' lang='lat'><strong>25.</strong></span> <span class='ocrx_word' id='word_1_426' title='bbox 680 3786 716 3864; x_wconf 87' lang='lat'><em>)</em></span> <span class='ocrx_word' id='word_1_427' title='bbox 740 3826 758 3858; x_wconf 89' lang='lat'><strong>‚</strong></span> <span class='ocrx_word' id='word_1_428' title='bbox 800 3786 1119 3865; x_wconf 86' lang='lat' dir='ltr'><strong>templaque</strong></span> <span class='ocrx_word' id='word_1_429' title='bbox 1151 3802 1208 3846; x_wconf 89' lang='lat' dir='ltr'><strong>et</strong></span> <span class='ocrx_word' id='word_1_430' title='bbox 1243 3788 1348 3847; x_wconf 88' lang='lat' dir='ltr'><strong>alia</strong></span> <span class='ocrx_word' id='word_1_431' title='bbox 1384 3789 1554 3847; x_wconf 88' lang='lat' dir='ltr'><strong>etiam</strong></span> <span class='ocrx_word' id='word_1_432' title='bbox 1586 3781 1943 3847; x_wconf 81' lang='lat' dir='ltr'><strong>memoranda</strong></span> <span class='ocrx_word' id='word_1_433' title='bbox 1984 3778 2283 3857; x_wconf 78' lang='lat' dir='ltr'><strong>hahuerit,</strong></span> 
     </span>
     <span class='ocr_line' id='line_1_47' title="bbox 258 3858 2285 3942; baseline 0 -24"><span class='ocrx_word' id='word_1_434' title='bbox 258 3905 261 3908; x_wconf 84' lang='lat'>.</span> <span class='ocrx_word' id='word_1_435' title='bbox 306 3859 461 3920; x_wconf 88' lang='lat' dir='ltr'><strong>unde</strong></span> <span class='ocrx_word' id='word_1_436' title='bbox 496 3880 808 3941; x_wconf 84' lang='lat' dir='ltr'><strong>cognomen</strong></span> <span class='ocrx_word' id='word_1_437' title='bbox 833 3864 1061 3925; x_wconf 84' lang='lat' dir='ltr'><strong>trahere</strong></span> <span class='ocrx_word' id='word_1_438' title='bbox 1086 3866 1353 3942; x_wconf 81' lang='lat' dir='ltr'><strong>potuisset</strong></span> <span class='ocrx_word' id='word_1_439' title='bbox 1377 3887 1395 3940; x_wconf 80' lang='lat'>3</span> <span class='ocrx_word' id='word_1_440' title='bbox 1420 3885 1524 3925; x_wconf 90' lang='lat' dir='ltr'><strong>nec</strong></span> <span class='ocrx_word' id='word_1_441' title='bbox 1546 3865 1787 3930; x_wconf 85' lang='lat' dir='ltr'><strong>dubium</strong></span> <span class='ocrx_word' id='word_1_442' title='bbox 1815 3874 1929 3932; x_wconf 70' lang='lat' dir='ltr'><strong>est,</strong></span> <span class='ocrx_word' id='word_1_443' title='bbox 1960 3859 2120 3937; x_wconf 49' lang='lat' dir='ltr'><strong>quin¹</strong></span> <span class='ocrx_word' id='word_1_444' title='bbox 2161 3858 2285 3919; x_wconf 84' lang='lat' dir='ltr'><strong>lura</strong></span> 
     </span>
     <span class='ocr_line' id='line_1_48' title="bbox 300 3937 2287 4023; baseline 0 -23"><span class='ocrx_word' id='word_1_445' title='bbox 300 3940 580 4017; x_wconf 48' lang='lat' dir='ltr'><strong>traxerim</strong></span> <span class='ocrx_word' id='word_1_446' title='bbox 607 3955 666 4003; x_wconf 87' lang='lat' dir='ltr'><strong>et</strong></span> <span class='ocrx_word' id='word_1_447' title='bbox 703 3962 736 4003; x_wconf 82' lang='lat' dir='ltr'><strong>a</strong></span> <span class='ocrx_word' id='word_1_448' title='bbox 767 3940 1004 4006; x_wconf 84' lang='lat' dir='ltr'><strong>flumine</strong></span> <span class='ocrx_word' id='word_1_449' title='bbox 1030 3943 1329 4005; x_wconf 86' lang='lat' dir='ltr'><strong>tiberinam</strong></span> <span class='ocrx_word' id='word_1_450' title='bbox 1363 3963 1511 4023; x_wconf 78' lang='lat' dir='ltr'><strong>saepe</strong></span> <span class='ocrx_word' id='word_1_451' title='bbox 1539 3942 1763 4017; x_wconf 83' lang='lat' dir='ltr'><strong>vocari,</strong></span> <span class='ocrx_word' id='word_1_452' title='bbox 1803 3959 1907 4021; x_wconf 84' lang='lat' dir='ltr'><strong>par</strong></span> <span class='ocrx_word' id='word_1_453' title='bbox 1929 3951 2069 4003; x_wconf 75' lang='lat' dir='ltr'><strong>erat·</strong></span> <span class='ocrx_word' id='word_1_454' title='bbox 2169 3937 2287 4000; x_wconf 83' lang='lat' dir='ltr'><strong>uod</strong></span> 
     </span>
    </p>
   </div>
  </div>
 </body>
</html>
