2742 4509
1173 180 1408 267 (Η)

296 313 545 377 pronum
573 294 719 355 enim
751 309 868 355 erat
909 292 1185 371 conjicere
1230 311 1246 350 τ
1291 294 1430 352 dum
1461 289 1636 353 volat
1656 333 1677 368 ,
1709 296 1946 358 exarsit
1978 295 2274 374 agitatum

282 376 525 455 sorcius
575 376 804 452 inguen.
854 374 1206 433 Haberemus
1256 385 1409 431 certe
1457 373 1685 430 versum
1735 373 2026 433 meliorem
2076 372 2273 433 leviori

299 454 648 591 rgiuqtgtlilc'me,
690 465 747 511 et
800 452 1072 527 brevem,
1113 449 1272 531 quod
1312 462 1470 510 amat
1512 450 1824 529 Sprengel,
1869 453 1928 512 in
1964 452 2083 511 ictu
2121 471 2273 558 pro-J

312 625 319 634 ‘
373 612 525 685 vn,
568 630 682 692 292
707 653 725 686 ‚
768 611 1047 691 (Spreng.
1077 628 1141 687 p.
1177 606 1310 686 25.)
1342 604 1572 685 dignam
1608 604 1786 667 habes
1823 606 2274 690 praecedentibue

293 691 736 752 emendatioriem
756 732 774 767 ‚
806 689 1040 767 legentis
1078 707 1262 776 ereans
1302 705 1410 766 pro
1448 682 1631 782 alirn,
1662 699 1730 744 ut
1762 686 1833 746 sit

722 843 820 860 ³-
843 814 1008 866 AEson
1041 815 1282 880 miratur,
1327 826 1383 865 et
1424 831 1580 867 eunus

484 887 621 939 Ante
656 895 839 955 quater
864 882 1025 935 denos
1056 881 1193 934 hunc
1225 899 1283 935 se
1315 882 1659 935 reminiscitur
1694 897 1877 935 anuos.

285 1001 407 1063 Cur
448 999 576 1063 sic?
620 1001 710 1059 Ut
748 1017 927 1058 ovum
963 1018 1074 1058 ovo
1098 1041 1116 1073 ‚
1154 998 1375 1078 inquit,
1417 998 1596 1059 simile
1638 1003 1752 1058 esse
1771 1001 1946 1077 jussa
1988 996 2074 1058 ibn·
2106 1010 2274 1059 terra

279 1100 407 1155 xv,
447 1080 566 1155 563
604 1098 706 1138 cur
744 1077 891 1137 enim
922 1077 1130 1155 duplex
1168 1080 1438 1156 temporis
1476 1077 1744 1137 indicatio
1766 1078 1798 1138 ἐ’
1839 1076 1977 1137 Jure
2017 1077 2270 1158 aliquem

278 1161 666 1232 miraturum,
690 1153 949 1216 AEsonem
968 1201 984 1227 ,
1014 1155 1240 1216 reddita
1265 1155 1503 1236 juventa
1528 1203 1543 1230 ,
1571 1157 1826 1217 laetitiam
1861 1176 1977 1216 non
2006 1155 2266 1236 prodere.

280 1237 471 1316 Igitur
503 1235 638 1295 facit
668 1248 926 1295 euantem
965 1234 996 1312 (
1008 1233 1251 1312 juchhei
1269 1235 1291 1293 Ι
1328 1237 1590 1315 rufimd)
1620 1259 1637 1312 3
1674 1237 1752 1294 sic
1784 1235 2124 1295 clamantem
2157 1234 2269 1293 lae·

282 1314 395 1373 tari
417 1313 666 1374 simul-et
689 1318 953 1393 juvenem
977 1333 1035 1372 se
1075 1315 1259 1372 testari
1283 1334 1301 1387 3
1329 1336 1442 1374 non
1473 1318 1625 1374 enim
1662 1313 1763 1372 nisi
1800 1313 2073 1391 juvenum
2114 1332 2268 1386 esse,

282 1392 469 1453 veluti
503 1396 790 1463 studiosi,
825 1392 1267 1467 inexspectatum
1296 1394 1686 1473 syngrapham
1720 1392 1958 1470 epistola
1998 1392 2270 1451 inclusam

283 1472 617 1549 accipientis.
648 1470 780 1532 Tibi
814 1480 992 1544 vero',
1027 1470 1232 1547 opinor
1256 1513 1274 1544 ‚
1309 1492 1423 1529 non
1448 1474 1591 1546 erit,
1617 1489 1720 1528 cur
1756 1470 1960 1529 clames
1987 1468 2273 1551 juchhei!

280 1546 424 1626 Mihi
459 1549 687 1628 quidem
704 1550 1091 1609 Horatianum
1126 1549 1268 1629 quid
1305 1550 1621 1624 succurrit,
1654 1546 1815 1627 quod
1855 1564 2081 1628 pectore
2116 1548 2267 1607 malo

318 1645 546 1688 temere.
770 1641 777 1648 “
884 1643 893 1646 *
1628 1684 1641 1694 ,

275 1641 317 1704 p
346 1705 462 1765 v11
491 1748 508 1780 ,
550 1705 660 1787 357
685 1748 703 1781 ‚
745 1705 1026 1788 (Spreng.
1065 1727 1118 1787 p.
1165 1705 1303 1787 27.)
1344 1706 1503 1767 locus
1536 1727 1650 1767 non
1686 1719 1881 1785 aperte
1919 1719 2220 1788 corruptus
2241 1750 2258 1778 ,

264 1782 369 1841 sed
416 1798 604 1844 tamen
656 1806 768 1845 una
809 1785 1056 1845 alterave
1103 1806 1245 1845 voce
1293 1785 1618 1865 suspectus,
1674 1785 1748 1848 de
1789 1806 1906 1865 quo
1956 1785 2097 1866 quid
2142 1785 2259 1862 ipse

262 1873 510 1921 statuam
531 1906 547 1934 ‚
581 1864 829 1941 primum
851 1908 868 1939 ,
891 1864 1166 1945 Sprengel
1203 1863 1345 1944 quid
1385 1866 1727 1941 mutaverit,
1769 1877 2120 1947 postremum
2160 1882 2261 1925 ac-

267 1940 457 2020 cipies.
507 1940 691 2002 Locus
712 1943 782 2002 in
819 1941 915 2004 ed.¹
956 1942 1276 2022 Gierigiana
1315 1937 1404 2004 sic*
1435 1944 1641 2025 legitur
1679 1963 1702 2023 ,ε

389 2087 615 2144 AEoliam
649 2092 870 2145 Pitanen
909 2112 938 2145 a
971 2092 1094 2147 laeva
1127 2083 1276 2164 parte
1306 2093 1439 2143 relin
1512 2094 1557 2143 it
1572 2127 1591 2155 .‚

390 2158 648 2230 Factaque
684 2158 753 2211 de
792 2178 914 2210 saxo
954 2161 1098 2228 longi
1124 2157 1393 2208 simulacra
1465 2157 1665 2207 raconis
1709 2171 1726 2207 t

390 2225 689 2302 Idaeumque
729 2242 912 2275 nemus
952 2241 968 2274 ι
1015 2240 1150 2289 quo,
1181 2222 1289 2273 nati
1330 2222 1465 2274 furta
1488 2258 1504 2286 ,
1537 2221 1818 2299 juvencum

394 2290 650 2341 occuluit
682 2290 841 2340 Liber
878 2288 996 2338 falsi
1025 2287 1122 2336 sub
1156 2288 1378 2356 imagine
1413 2305 1585 2353 cet-vt,

394 2353 619 2420 Quaque
673 2350 808 2402 'ater
834 2350 1056 2419 Corythi
1089 2368 1242 2420 parva
1264 2353 1542 2406 tumulatus
1580 2370 1731 2405 arena
1762 2370 1778 2407 2

392 2419 466 2472 Et
495 2434 622 2485 quos
721 2434 814 2467 aera
843 2434 982 2480 nove⁴
1011 2415 1199 2470 latratu
1233 2422 1418 2472 terruit
1446 2438 1612 2493 agros-

387 2481 740 2553 Eurypylique
773 2483 981 2548 urbem,
1021 2500 1118 2553 qua
1150 2486 1268 2537 Coae
1309 2504 1499 2538 cornua
1532 2499 1722 2541 matres

388 2549 701 2614 Gesserunt,
743 2561 854 2600 tum
886 2567 1003 2600 cum
1036 2550 1327 2605 discederet
1364 2554 1603 2609 Herculis
1640 2572 1824 2627 agmen
1865 2575 1883 2610 t

380 2614 760 2685 Phoebeamque
800 2616 1057 2683 Rhodon,
1098 2631 1153 2670 et
1185 2619 1411 2689 Jatysios
1446 2622 1722 2676 Telchinas
1738 2660 1757 2691 ‚

386 2681 628 2751 Quorum
663 2681 839 2735 oculos
869 2683 890 2735 i
928 2700 985 2736 so
1019 2686 1264 2739 vitiantes
1308 2689 1481 2741 omnia
1521 2692 1637 2743 visu

380 2749 592 2822 Jupiter
628 2767 840 2816 exosus,
906 2751 1123 2805 raternis
1164 2752 1402 2807 subdidit
1437 2753 1611 2808 undis.

376 2816 588 2868 Transit
627 2828 680 2868 et
709 2817 929 2888 antiquae
966 2818 1177 2873 Cathei'a
1210 2821 1399 2874 moenia
1440 2820 1590 2888 Ceae,
1625 2833 1729 2875 ete.

250 2957 464 3034 Vides,
509 2955 774 3017 Medeam
818 2958 930 3034 dici
968 2959 1075 3020 alia
1114 2960 1241 3020 loca
1283 2981 1317 3022 a
1349 2959 1496 3022 laeva
1536 2974 1698 3042 parte
1734 2959 2050 3042 relinquere
2073 3009 2088 3037 ,
2131 2966 2238 3032 alia

254 3039 502 3100 transire.
529 3037 622 3097 Ab
639 3037 748 3095 hac
782 3057 842 3097 re
863 3037 1003 3097 mihi
1031 3039 1256 3100 videtur
1278 3042 1459 3102 omnis
1491 3040 1738 3120 pendere
1761 3039 2082 3105 difficultas.
2105 3045 2238 3107 Non

252 3118 404 3179 cuim
429 3135 653 3196 prorsus
687 3115 899 3195 liquet,
931 3138 1040 3195 an,
1077 3140 1149 3179 ex
1186 3133 1376 3179 mente
1407 3134 1591 3199 poetae
1613 3162 1632 3197 ,
1669 3120 1792 3180 loca
1814 3162 1831 3188 ,
1872 3141 2001 3200 quae
2045 3124 2231 3186 relin-

250 3199 409 3278 quit,
444 3198 610 3256 etiam
654 3208 929 3269 transeat,
963 3217 1108 3257 anne
1133 3240 1150 3271 ,
1196 3217 1310 3258 uno
1351 3197 1599 3259 alterove
1638 3197 1711 3260 ad
1755 3200 1954 3261 laevam
1997 3204 2233 3282 relicto,

244 3288 446 3335 caetera
474 3287 696 3334 tantum
720 3285 981 3334 transeat.
1009 3277 1077 3336 In
1101 3277 1286 3358 priore
1315 3297 1446 3337 casu
1472 3278 1610 3337 nihil
1639 3280 1866 3338 interest
1886 3320 1903 3352 ‚
1930 3298 2232 3363 quousque

241 3352 367 3414 loca
402 3354 713 3414 referantur
753 3353 826 3412 ad
867 3355 1108 3415 verbum
1156 3359 1415 3432 transit,·
1452 3357 1508 3416 in
1555 3359 1864 3437 posteriore
1900 3374 2091 3420 autem
2133 3363 2229 3419 vi-

238 3430 496 3494 dendum
534 3433 678 3502 erit,
715 3451 839 3511 quae
872 3432 995 3494 loca
1034 3435 1459 3513 relinquantur,
1497 3454 1626 3515 quae
1657 3449 2021 3496 transeantur.
2056 3438 2224 3516 Jam,

239 3512 283 3569 si
328 3515 521 3571 omnia
566 3508 697 3568 inde
728 3531 762 3570 a
792 3510 987 3572 Pitane
1039 3514 1257 3573 transiri
1299 3532 1604 3590 ponamus,
1638 3513 1800 3573 series
1833 3513 2089 3574 locorum
2125 3530 2230 3577 aut

202 3590 491 3665 .ignarum
527 3601 728 3665 arguet
762 3604 1018 3665 poetam,
1054 3606 1153 3651 aut
1193 3593 1469 3671 ineptum.
1511 3591 1796 3651 Transibit
1834 3594 1981 3651 euim
2019 3592 2224 3654 Medea

237 3668 510 3739 Pitanen,
543 3666 839 3726 simulacra
877 3669 1130 3729 draconis
1160 3672 1217 3728 in
1256 3670 1435 3729 insula
1475 3670 1697 3745 Lesbo,
1737 3670 1959 3730 Idaeum
1995 3686 2221 3749 nemus,

229 3759 396 3824 agros
443 3749 653 3806 latratu
704 3747 961 3822 territos,
1021 3748 1314 3829 Eurypyli
1357 3750 1601 3824 urbem,
1647 3764 1756 3809 etc.
1806 3747 1980 3823 Atqui
2025 3751 2224 3812 nemus
2299 3797 2302 3800 .

231 3826 450 3886 Idaeum
470 3869 490 3900 .‚
535 3842 717 3903 quum
751 3823 822 3882 sit
855 3825 1097 3886 Troadis
1120 3869 1140 3903 ‚
1175 3847 1345 3906 supra
1395 3829 1626 3886 Pitanen
1648 3867 1667 3898 ‚
1708 3822 1986 3898 azonam,
2020 3842 2223 3893 contra

230 3902 527 3986 Eurypyli
558 3902 691 3968 urbs
713 3944 733 3982 ,
771 3901 930 3983 (nam
951 3903 1023 3967 de
1052 3907 1195 3985 agris
1226 3905 1436 3969 latratu
1473 3905 1672 3968 territis
1693 3942 1711 3979 2
1742 3900 2223 3989 dubiunuetiam,
2319 3907 2322 3912 ’
