2742 4509
1332 257 1527 343 (4)

423 366 817 442 cinnamaque
834 403 858 438 ‚
895 379 1244 447 costumque
1267 390 1293 443 ,·
1331 386 1516 450 quum
1555 368 1801 454 <lenique
1838 388 2040 440 caetera
2069 382 2329 461 exempla
2366 401 2404 444 e

421 444 826 523 quinquaginta
845 446 1084 524 amplius
1107 467 1375 508 versuum
1392 450 1641 512 'millibus
1658 454 1916 531 collecta,
1936 460 2156 537 conjicis
2171 503 2187 531 ‚
2206 461 2401 538 credo,

420 540 595 597 quam
631 521 834 584 eximia
869 524 1063 585 futura
1105 527 1174 587 sit
1198 547 1356 589 nova
1378 544 1705 607 poetarum
1737 534 2119 598 classicorum
2154 544 2401 602 critica.

422 598 601 675 Quod
630 598 859 680 conjicis
880 644 899 677 ‚
953 605 1010 664 in
1052 607 1273 685 singulis
1308 605 1427 685 jam
1468 630 1620 672 nnnc
1654 632 1958 693 cognosce,
1994 620 2151 678 initio
2184 641 2218 681 a
2254 621 2400 681 Me·-

418 676 1145 758 tamorphosibus'ductm
1171 685 1272 745 has
1302 686 1623 750 Fastorum
1660 712 1853 771 paneae
1889 709 2224 773 sequentur,
2256 719 2398 778 pos-
2491 695 2496 700 ⁸

418 771 601 816 tremo
629 772 821 819 autem
864 763 1129 837 qnaedam
1149 804 1167 836 ‚
1195 765 1486 900 Sprengeli
1513 790 1625 829 non
1664 786 1887 833 tentatae
1907 817 1923 845 ‚
1954 775 2280 838 Catulliana·
2316 779 2395 836 de

419 853 592 896 coma
627 835 944 898 Berenices
990 841 1176 919 elegiae
1208 846 1367 902 emen'
1410 846 1654 924 titiones,
1690 871 1793 911 nec
1832 872 1942 911 non
1974 858 2030 914 in
2075 856 2244 936 Prop.
2282 879 2354 918 111
2373 898 2397 933 ,

419 914 502 990 43
547 927 683 974 nota
714 916 960 978 accedet.
1007 919 1066 979 Si
1103 934 1246 995 quos
1280 923 1338 981 in
1383 920 1965 1004 Metamorphosibus
2014 935 2256 1020 quoque'
2294 950 2397 999 aut

420 994 623 1060 Fastis
643 993 882 1073 adjicere
905 996 1058 1057 locos
1081 998 1283 1076 libeat,
1319 1002 1424 1063 hos
1463 1006 1874 1086 Sprengelianis
1908 1015 2223 1073 inseremus.
2255 1033 2258 1036 ¹

986 1148 1174 1211 Nom
1213 1174 1277 1214 ns
1313 1174 1831 1222 uersuonnosns.

420 1300 449 1357 1
468 1339 488 1374 ,
530 1297 673 1377 544,
701 1297 976 1381 (Spreng.
1007 1322 1138 1383 pag.
1157 1302 1259 1385 4.)
1279 1307 1564 1388 Daphnen
1593 1312 1673 1373 sic
1699 1311 2021 1393 precantem
2041 1318 2178 1381 facit
2196 1333 2396 1401 poeta:

948 1482 1016 1497 —
1051 1471 1297 1538 spectans
1315 1462 1558 1531 peneidas
1591 1465 1785 1532 undas,

554 1522 654 1574 Fer
677 1554 696 1586 ,
724 1536 872 1592 pater
891 1559 910 1589 ,
947 1526 1150 1595 inquit,
1187 1544 1336 1597 opem
1355 1566 1371 1596 ‚
1412 1532 1458 1583 si
1479 1531 1687 1585 flumina
1718 1553 1908 1588 numen
1941 1535 2166 1594 hahetis.

614 1606 677 1640 na
709 1591 924 1642 nimium
951 1591 1158 1659 placui,
1189 1594 1341 1648 tellus
1376 1610 1465 1649 aut
1500 1598 1672 1667 hisce,
1707 1601 1789 1655 vel
1820 1604 2002 1671 istam,

615 1674 689 1726 οη
718 1658 846 1709 facit
862 1694 880 1725 .‚
913 1670 974 1711 nt
1006 1657 1159 1711 laedar
1179 1697 1197 1728 .,
1235 1664 1484 1717 minando
1518 1666 1678 1736 perde
1712 1668 1942 1738 figuram.

424 1794 604 1876 Cujus
634 1796 742 1855 loci
780 1797 1009 1857 versum
1040 1797 1290 1859 medium
1323 1800 1531 1862 menda
1569 1821 1682 1861 non
1713 1822 1935 1880 carere,
1983 1805 2238 1888 plerique
2266 1822 2400 1873 sunt

426 1876 742 1955 meritoque
765 1877 1041 1954 suspicati.
1067 1878 1214 1938 Nem
1244 1891 1301 1937 et
1318 1921 1336 1951 ‚
1363 1900 1484 1959 qua
1521 1883 1810 1961 quomodo
1837 1898 2095 1947 vertatur
2120 1890 2246 1950 satis
2265 1904 2399 1969 apte

427 1954 689 2029 adrem,
733 1974 898 2014 nemo
934 1955 1115 2029 vidit,
1161 1969 1218 2015 et
1262 1955 1426 2017 hisce
1461 1962 1534 2020 ad
1584 1959 1757 2020 tellus
1806 1964 2038 2041 quidem
2072 1966 2258 2041 bene23
2301 1968 2398 2027 sed

428 2034 643 2094 telluris
661 2035 870 2094 mentio
892 2054 1004 2093 non
1024 2032 1094 2093 fit
1111 2035 1170 2093 in
1193 2033 1472 2098 Lactantii
1494 2038 2021 2118 metamorphoseon
2040 2060 2392 2123 argumento,

430 2112 622 2173 Minus
639 2132 733 2173 me
748 2111 987 2172 offendit
1004 2154 1025 2185 ,
1041 2114 1196 2193 quod
1217 2117 1481 2193 nympha
1496 2160 1514 2192 ‚
1542 2117 1806 2178 dubitans
1823 2121 1902 2179 do
1921 2125 2092 2198 patris
2122 2130 2362 2184 numine
2378 2166 2398 2201 ,

432 2193 643 2253 telluris
679 2211 849 2268 opem
888 2193 1193 2272 implorat3
1240 2196 1453 2276 quippe
1489 2218 1614 2276 quoe
1648 2216 1752 2257 nec
1785 2200 2035 2279 longiore
2073 2222 2238 2282 prece
2272 2204 2400 2279 nti‚‘

432 2273 672 2334 instante
692 2270 952 2348 Apolline
973 2313 997 2346 ,ν
1020 2286 1208 2351 posset
1228 2316 1246 2348 ‚
1280 2288 1375 2348 et,
1413 2290 1479 2334 nt
1519 2277 1771 2337 homines
1795 2280 1860 2350 Vin
1898 2299 2120 2340 summo
2142 2294 2243 2341 aut
2279 2280 2403 2339 do·-

434 2352 556 2410 lore
579 2365 677 2410 aut
702 2352 830 2407 vitae
854 2350 1170 2427 discrimine
1188 2351 1376 2414 faeere
1402 2355 1583 2416 solent
1600 2398 1619 2430 ‚
1650 2359 1902 2433 praesenti
1928 2360 2080 2420 malo
2104 2361 2404 2422 conterrita

435 2430 710 2488 auxilium
740 2427 1112 2501 undecunque
1141 2444 1314 2516 petat.
1344 2433 1434 2490 Ne
1464 2437 1751 2494 mutando
1778 2437 2012 2512 qnidem
2037 2460 2260 2516 prorsus
2288 2439 2407 2499 dis·-

433 2506 604 2585 plicet
642 2522 776 2563 cum
823 2501 999 2561 tellus
1037 2519 1403 2581 conjunctum
1424 2546 1442 2579 ‚
1488 2512 1530 2566 si
1582 2510 1746 2568 deam
1784 2515 2073 2573 Tellurem
2121 2519 2409 2593 implorari

433 2583 714 2660 fingamus
732 2621 750 2651 ‚
765 2580 858 2638 cni
876 2619 894 2651 ‚
913 2599 1029 2637 non
1054 2579 1361 2640 absurdum
1382 2596 1464 2642 est
1483 2626 1503 2658 ,
1527 2586 1647 2644 vim
1664 2590 1920 2648 mutandi
1938 2589 2190 2650 divinam
2209 2594 2406 2652 tribui.

434 2659 663 2721 Paucis:-
684 2659 838 2717 locus
857 2660 1058 2730 merito
1081 2672 1369 2738 suspectus
1390 2660 1521 2722 ferri
1542 2675 1728 2723 tamen
1761 2679 1943 2744 potest
1963 2668 2070 2727 hac
2088 2670 2401 2732 sententia:

434 2740 519 2800 fer
555 2756 728 2816 opem
753 2778 771 2810 ,
805 2750 999 2817 pater,
1046 2738 1090 2797 si
1118 2734 1359 2800 flumina
1395 2762 1604 2802 numen
1641 2744 1891 2820 habetis,
1934 2758 2031 2804 aut
2065 2758 2166 2822 tu,
2204 2747 2403 2826 tellus,

432 2822 493 2880 in
528 2839 644 2897 qua
671 2816 912 2877 nimium
944 2812 1163 2895 plactii‚
1203 2818 1355 2879 hisce
1385 2833 1494 2880 etc.
1529 2822 1623 2882 Sic
1659 2823 1851 2901 utique
1886 2824 2109 2884 mallem
2131 2865 2150 2898 ,
2188 2844 2402 2903 quam,

434 2898 624 2958 medio
661 2916 830 2956 versu
865 2895 1088 2955 sublato
1109 2911 1135 2971 ,’
1169 2916 1393 2976 precem
1422 2898 1571 2976 justo
1604 2901 1956 2977 breviorem,
1996 2916 2056 2961 et
2094 2907 2405 2965 orationem

437 2978 594 3058 quasi
616 2977 867 3036 hiulcam
893 2973 1202 3054 relinquere
1220 3015 1240 3050 ‚
1272 2976 1490 3036 Ovidio
1516 2978 1802 3057 indignam
1821 3020 1839 3053 ‚
1873 3000 2046 3059 quem
2064 3026 2079 3053 ‚
2104 2983 2160 3040 in
2178 3002 2404 3045 somma

434 3058 606 3116 etiam
622 3055 920 3127 brevitate,
935 3072 1154 3132 semper
1166 3053 1416 3114 rotundo
1437 3076 1533 3116 ore
1551 3059 1780 3136 plenum
1797 3079 2095 3139 properare
2112 3061 2405 3125 miramur.
2500 3090 2513 3110 .

513 3134 633 3193 Sed
651 3133 792 3211 quid
809 3133 1080 3210 Sprengel
1095 3130 1125 3191 Ρ
1148 3133 1438 3193 Tellurem
1457 3137 1705 3195 invocari
1724 3157 1836 3197 non
1856 3158 2033 3217 posse,
2055 3140 2409 3218 et·Apollinis

431 3212 782 3273 mentionem
814 3209 938 3269 fieri
958 3250 978 3291 ,
1022 3228 1235 3270 necesse
1276 3230 1438 3287 esse3
1480 3214 1703 3275 hiatum
1742 3218 2141 3298 corrumpendi
2177 3239 2404 3280 causam

433 3286 636 3364 fnisse;
672 3302 900 3366 poetam
932 3287 1205 3364 scripsisse
1241 3310 1380 3369 quoe
1415 3296 1653 3353 nimium
1682 3295 1894 3370 placui
1920 3297 2101 3357 Delio
2122 3324 2147 3375 ‚·
2180 3318 2404 3360 sensnm

432 3388 587 3429 esset
620 3368 705 3429 ser
736 3386 904 3445 opem
929 3366 1111 3440 mihi,
1141 3387 1307 3448 quae,
1342 3384 1451 3431 etc.
1481 3372 1575 3433 Sic
1603 3374 1853 3451 primum
1882 3377 2179 3457 habesfhr
2202 3398 2402 3456 opem,

404 3446 575 3529 'quoe
606 3446 817 3525 placui
844 3486 863 3521 ‚
922 3445 1124 3506 omisso
1165 3446 1312 3506 mihi
1341 3490 1360 3522 ,
1403 3451 1564 3530 qnod
1604 3452 1825 3513 tolerari
1881 3475 2105 3533 prorsus
2158 3455 2404 3535 neqnit3

435 3527 641 3589 deinde
679 3526 960 3602 Daphnen
1001 3526 1145 3602 patri
1187 3528 1352 3606 quasi
1443 3533 1816 3610 raecipientem
1852 3555 1867 3593 t
1908 3550 2015 3596 aut
2057 3536 2214 3595 hisce
2246 3528 2401 3608 (scil.

436 3621 502 3668 nt
534 3624 627 3666 me
675 3607 902 3681 recipies
922 3604 948 3681 )
968 3648 984 3675 ‚
1030 3602 1125 3665 vel
1147 3607 1334 3683 perde
1348 3549 1624 3688 figuram
1646 3656 1662 3683 ,
1705 3612 1763 3670 in
1796 3631 1910 3691 qno
1938 3656 1956 3689 ‚
2000 3614 2153 3673 vides
2177 3655 2197 3688 ,
2226 3629 2404 3696 quam

433 3689 692 3767 ineptum
716 3686 786 3744 sit
812 3684 969 3744 hisce
991 3725 1008 3758 ‚
1040 3702 1214 3761 qnam
1246 3705 1406 3745 sensu
1431 3691 1597 3754 etiam
1626 3689 1964 3768 obscurum3
1999 3692 2200 3760 deinde
2223 3689 2400 3749 Delio

424 3782 566 3841 aut,
604 3764 998 3825 alienissimum
1037 3761 1110 3821 ab
1151 3763 1424 3824 Ovidiani
1463 3786 1656 3827 versus
1711 3773 2002 3831 suavitate.
2054 3770 2194 3828 Haec
2243 3787 2401 3827 con-

423 3845 618 3921 juncta
663 3843 883 3902 intuens
920 3886 938 3914 ,
995 3842 1205 3915 mirer,
1249 3845 1292 3907 si
1335 3864 1452 3903 non
1503 3864 1729 3924 respuas
1770 3852 2013 3925 primam
2064 3866 2174 3925 ope
2212 3849 2403 3910 hiatus

421 3920 870 3982 emendationem
891 3942 909 3997 ς
944 3940 1057 3998 qua
1093 3934 1314 3981 tantum
1339 3923 1444 3983 sibi
1472 3924 1748 4002 placuisse
1772 3927 1980 3986 diceres
1998 3925 2365 4005 Sprengelem
2385 3967 2406 4001 ‚

419 4014 527 4078 nt,
576 4000 766 4062 laetitia
812 4000 1154 4080 impeditus,
1207 4020 1322 4064 non
1374 4000 1586 4065 viderit
1634 4004 1950 4098 quidqnam
1998 4024 2158 4086 posse
2209 4002 2397 4092 objici.
2433 4095 2448 4106 X
